Order ID,Order Date,Ship Date,Ship Mode,Customer ID,Product ID,Sales,Quantity,Discount,Profit,Order ID No.
CA-2017-117632,5/12/2017,5/18/2017,Standard Class,CS-12175,OFF-AP-10004868,7.77,1,0,2.1,117632
CA-2017-117632,5/12/2017,5/18/2017,Standard Class,CS-12175,FUR-TA-10001520,285.48,5,0.2,-10.71,117632
CA-2017-117632,5/12/2017,5/18/2017,Standard Class,CS-12175,OFF-BI-10001900,19.17,4,0.2,6.47,117632
CA-2014-115056,5/2/2014,5/2/2014,Same Day,AR-10510,OFF-AP-10003971,26.14,3,0.2,1.96,115056
CA-2017-161067,9/3/2017,9/6/2017,Second Class,KB-16405,FUR-CH-10004626,90.8,1,0.1,14.12,161067
CA-2017-161067,9/3/2017,9/6/2017,Second Class,KB-16405,FUR-CH-10004860,181.76,2,0.1,-8.08,161067
CA-2016-122063,12/3/2016,12/7/2016,Standard Class,MM-17920,FUR-TA-10004575,581.96,2,0,104.75,122063
CA-2016-122063,12/3/2016,12/7/2016,Standard Class,MM-17920,FUR-CH-10004754,29.98,1,0,8.09,122063
CA-2015-111206,7/18/2015,7/22/2015,Standard Class,RF-19735,TEC-AC-10003095,519.96,4,0,176.79,111206
CA-2016-142895,7/21/2016,7/26/2016,Standard Class,BP-11290,FUR-CH-10002961,363.92,5,0.2,0,142895
CA-2015-101868,6/9/2015,6/16/2015,Standard Class,MJ-17740,OFF-BI-10003876,64.2,5,0.7,-42.8,101868
CA-2015-101868,6/9/2015,6/16/2015,Standard Class,MJ-17740,TEC-AC-10004396,72.6,5,0.2,-8.17,101868
CA-2017-133207,11/27/2017,12/3/2017,Standard Class,DO-13645,TEC-PH-10004100,57.57,4,0.2,5.76,133207
CA-2015-132948,3/27/2015,4/3/2015,Standard Class,MV-17485,OFF-ST-10000636,83.7,5,0,3.35,132948
CA-2015-126725,11/17/2015,11/21/2015,Standard Class,BS-11665,TEC-PH-10003174,415.97,4,0.2,52,126725
CA-2015-126725,11/17/2015,11/21/2015,Standard Class,BS-11665,OFF-ST-10001418,304.9,5,0,6.1,126725
CA-2015-126725,11/17/2015,11/21/2015,Standard Class,BS-11665,FUR-FU-10002813,80.96,4,0,29.15,126725
CA-2015-126725,11/17/2015,11/21/2015,Standard Class,BS-11665,OFF-ST-10000129,777.21,7,0,54.4,126725
CA-2015-126725,11/17/2015,11/21/2015,Standard Class,BS-11665,FUR-CH-10001708,225.57,2,0.2,2.82,126725
CA-2015-121783,11/10/2015,11/14/2015,Standard Class,PO-19180,OFF-AP-10003849,715.64,2,0,178.91,121783
CA-2015-121783,11/10/2015,11/14/2015,Standard Class,PO-19180,OFF-ST-10000078,795.51,3,0,143.19,121783
CA-2015-121783,11/10/2015,11/14/2015,Standard Class,PO-19180,OFF-BI-10001658,74.76,3,0,34.39,121783
CA-2015-121783,11/10/2015,11/14/2015,Standard Class,PO-19180,FUR-FU-10004351,29.22,3,0,12.86,121783
CA-2015-112214,8/5/2015,8/11/2015,Standard Class,AH-10690,OFF-SU-10003567,23.04,3,0.2,-4.9,112214
CA-2015-112214,8/5/2015,8/11/2015,Standard Class,AH-10690,OFF-BI-10002982,1.36,1,0.8,-2.18,112214
US-2017-153255,9/3/2017,9/7/2017,Second Class,JK-15730,FUR-BO-10004218,239.67,2,0.15,14.1,153255
US-2014-117968,8/5/2014,8/7/2014,Second Class,RS-19420,OFF-AR-10004165,4.56,2,0,2.01,117968
US-2014-117968,8/5/2014,8/7/2014,Second Class,RS-19420,FUR-CH-10002335,1133.35,5,0,294.67,117968
CA-2016-158211,1/4/2016,1/8/2016,Standard Class,BP-11185,OFF-BI-10002026,104.58,6,0.7,-80.18,158211
CA-2016-128223,6/14/2016,6/14/2016,Same Day,EB-13705,FUR-TA-10001771,1293.49,7,0.2,80.84,128223
CA-2016-154235,9/24/2016,9/28/2016,Standard Class,RD-19900,FUR-FU-10004006,127.95,3,0,21.75,154235
CA-2017-129910,3/30/2017,4/3/2017,Standard Class,ME-17320,OFF-ST-10003282,59.76,1,0,16.73,129910
CA-2017-133095,6/4/2017,6/4/2017,Same Day,EH-14005,OFF-BI-10002353,108.08,7,0,54.04,133095
CA-2017-133095,6/4/2017,6/4/2017,Same Day,EH-14005,OFF-BI-10004141,9.54,3,0,4.39,133095
CA-2015-130554,4/7/2015,4/9/2015,First Class,FM-14290,OFF-AR-10001954,11.74,3,0.2,1.03,130554
CA-2016-133935,9/18/2016,9/22/2016,Standard Class,JW-15220,FUR-CH-10002880,885.53,9,0.2,-99.62,133935
CA-2016-136301,3/13/2016,3/15/2016,Second Class,EH-13765,FUR-FU-10004712,28.28,2,0,7.35,136301
CA-2016-136301,3/13/2016,3/15/2016,Second Class,EH-13765,OFF-SU-10000151,4912.59,3,0,196.5,136301
CA-2016-146157,11/21/2016,11/26/2016,Standard Class,RD-19720,OFF-PA-10001790,38.43,1,0.2,13.45,146157
CA-2016-146157,11/21/2016,11/26/2016,Standard Class,RD-19720,OFF-ST-10001590,21.57,2,0.2,1.62,146157
CA-2016-146157,11/21/2016,11/26/2016,Standard Class,RD-19720,TEC-AC-10003657,81.58,3,0.2,2.04,146157
CA-2017-100825,9/9/2017,9/14/2017,Standard Class,KD-16495,OFF-ST-10003123,99.87,3,0,23.97,100825
CA-2016-167682,4/3/2016,4/9/2016,Standard Class,ZD-21925,FUR-FU-10003799,71.12,4,0,22.05,167682
CA-2016-167682,4/3/2016,4/9/2016,Standard Class,ZD-21925,TEC-PH-10000673,259.96,4,0,124.78,167682
CA-2015-146465,11/20/2015,11/24/2015,Standard Class,PB-18805,OFF-BI-10004528,24.19,9,0.2,7.56,146465
US-2017-153948,11/6/2017,11/6/2017,Same Day,FM-14290,TEC-AC-10003441,16.95,1,0,1.02,153948
US-2016-113985,12/2/2016,12/7/2016,Standard Class,KD-16495,OFF-BI-10002353,24.7,2,0.2,9.26,113985
US-2016-113985,12/2/2016,12/7/2016,Standard Class,KD-16495,OFF-BI-10000632,104.18,3,0.2,33.86,113985
CA-2014-120432,8/24/2014,8/26/2014,Second Class,DW-13585,OFF-SU-10004661,25.5,3,0,6.63,120432
US-2015-126977,9/17/2015,9/23/2015,Standard Class,PF-19120,FUR-CH-10001973,199.76,2,0.1,8.88,126977
US-2015-126977,9/17/2015,9/23/2015,Standard Class,PF-19120,OFF-ST-10003058,94.6,4,0,27.43,126977
US-2015-126977,9/17/2015,9/23/2015,Standard Class,PF-19120,FUR-BO-10004834,4228.7,6,0.2,158.58,126977
US-2015-126977,9/17/2015,9/23/2015,Standard Class,PF-19120,FUR-BO-10002213,2003.92,5,0.2,-25.05,126977
CA-2016-130288,11/26/2016,11/30/2016,Second Class,DK-13225,FUR-TA-10002958,313.18,2,0.4,-120.05,130288
CA-2017-150420,6/3/2017,6/8/2017,Standard Class,GD-14590,TEC-AC-10004975,1099.5,10,0,362.84,150420
US-2014-118997,4/8/2014,4/12/2014,Standard Class,RA-19885,FUR-TA-10001086,1215.92,8,0,316.14,118997
CA-2014-114314,10/11/2014,10/15/2014,Standard Class,DB-13555,FUR-FU-10002107,8.92,4,0,3.92,114314
US-2017-169551,7/7/2017,7/9/2017,First Class,RL-19615,FUR-BO-10001519,87.21,3,0.5,-45.35,169551
US-2017-169551,7/7/2017,7/9/2017,First Class,RL-19615,TEC-PH-10001363,683.99,2,0.4,-114,169551
US-2017-169551,7/7/2017,7/9/2017,First Class,RL-19615,TEC-AC-10003033,527.92,2,0.2,85.79,169551
CA-2017-122077,5/19/2017,5/25/2017,Standard Class,JF-15295,TEC-PH-10003811,95.99,1,0.2,9.6,122077
CA-2017-112431,10/12/2017,10/14/2017,Second Class,RW-19690,TEC-AC-10001465,435.84,12,0,130.75,112431
CA-2014-104178,8/25/2014,8/29/2014,Standard Class,JM-15265,OFF-ST-10004258,48.84,4,0,13.19,104178
CA-2015-115924,9/14/2015,9/18/2015,Second Class,BE-11455,OFF-BI-10004040,25.9,5,0,12.69,115924
CA-2017-161046,3/5/2017,3/5/2017,Same Day,CB-12535,OFF-EN-10003862,42.68,4,0,19.63,161046
CA-2017-161046,3/5/2017,3/5/2017,Same Day,CB-12535,OFF-BI-10002026,234.36,6,0,112.49,161046
US-2014-105151,3/30/2014,3/31/2014,First Class,SG-20890,OFF-AR-10001231,10.5,5,0,2.94,105151
CA-2016-127138,3/12/2016,3/15/2016,Second Class,DK-13225,OFF-ST-10002756,676.55,5,0,6.77,127138
CA-2016-127138,3/12/2016,3/15/2016,Second Class,DK-13225,FUR-CH-10003746,770.35,3,0.2,77.04,127138
CA-2014-140732,11/11/2014,11/13/2014,Second Class,MA-17560,TEC-PH-10001425,575.93,9,0.2,57.59,140732
CA-2017-119011,8/20/2017,8/25/2017,Standard Class,LR-17035,TEC-PH-10003171,107.88,3,0.2,10.79,119011
CA-2014-141726,7/20/2014,7/22/2014,First Class,CC-12145,OFF-BI-10001982,8.7,2,0.2,3.16,141726
CA-2014-141726,7/20/2014,7/22/2014,First Class,CC-12145,FUR-FU-10003577,43.02,3,0,15.49,141726
CA-2015-143980,12/25/2015,12/29/2015,Standard Class,JK-15640,OFF-AP-10003779,414.96,2,0,124.49,143980
CA-2016-135636,10/8/2016,10/13/2016,Standard Class,DB-13615,OFF-ST-10000676,387.72,5,0.2,-67.85,135636
CA-2017-102155,7/13/2017,7/17/2017,Standard Class,RR-19525,OFF-PA-10003673,13.56,2,0,6.24,102155
CA-2017-116953,4/24/2017,4/25/2017,First Class,SV-20935,TEC-PH-10004614,552,10,0.2,34.5,116953
CA-2014-117765,9/7/2014,9/13/2014,Standard Class,RB-19465,FUR-TA-10001039,429.9,5,0,111.77,117765
CA-2014-117765,9/7/2014,9/13/2014,Standard Class,RB-19465,OFF-BI-10000474,32.06,2,0,15.39,117765
CA-2014-117765,9/7/2014,9/13/2014,Standard Class,RB-19465,FUR-CH-10004698,161.96,2,0,45.35,117765
CA-2014-117765,9/7/2014,9/13/2014,Standard Class,RB-19465,OFF-ST-10003327,19.86,2,0,5.76,117765
CA-2016-163776,7/19/2016,7/25/2016,Standard Class,JS-16030,OFF-BI-10003007,77.56,2,0,35.68,163776
CA-2016-163776,7/19/2016,7/25/2016,Standard Class,JS-16030,OFF-PA-10001033,245.94,6,0,120.51,163776
CA-2016-163776,7/19/2016,7/25/2016,Standard Class,JS-16030,OFF-BI-10000404,8.6,1,0,4.04,163776
US-2017-163300,9/15/2017,9/21/2017,Standard Class,ES-14020,OFF-BI-10004390,2357.49,7,0.2,884.06,163300
US-2017-163300,9/15/2017,9/21/2017,Standard Class,ES-14020,TEC-PH-10001700,369.54,7,0.2,32.34,163300
US-2017-163300,9/15/2017,9/21/2017,Standard Class,ES-14020,FUR-CH-10003396,184.75,3,0.2,-20.78,163300
CA-2016-162187,12/11/2016,12/11/2016,Same Day,NS-18640,FUR-CH-10003298,458.43,5,0.3,-137.53,162187
CA-2016-162187,12/11/2016,12/11/2016,Same Day,NS-18640,FUR-TA-10003008,328.59,3,0.4,-147.87,162187
US-2014-112991,12/10/2014,12/14/2014,Standard Class,SH-19975,FUR-CH-10001708,338.35,3,0.2,4.23,112991
US-2017-146878,9/21/2017,9/27/2017,Standard Class,DL-12865,OFF-BI-10002794,12.29,1,0.7,-8.61,146878
CA-2015-100657,11/2/2015,11/7/2015,Standard Class,SW-20245,FUR-CH-10003535,109.76,2,0.1,8.54,100657
CA-2015-135580,12/30/2015,1/3/2016,Standard Class,CL-12565,OFF-PA-10000595,68.52,3,0,31.52,135580
CA-2015-135580,12/30/2015,1/3/2016,Standard Class,CL-12565,OFF-ST-10000798,74.94,3,0,14.24,135580
CA-2015-135580,12/30/2015,1/3/2016,Standard Class,CL-12565,TEC-MA-10004002,2548.56,6,0.2,286.71,135580
CA-2015-135580,12/30/2015,1/3/2016,Standard Class,CL-12565,TEC-PH-10004345,287.88,3,0.2,35.98,135580
CA-2016-159016,3/10/2016,3/11/2016,First Class,KF-16285,TEC-PH-10002885,4158.91,8,0.2,363.9,159016
CA-2017-139717,8/24/2017,8/26/2017,Second Class,DM-13015,OFF-AP-10000938,646.27,8,0.2,64.63,139717
CA-2016-157364,11/19/2016,11/21/2016,First Class,LT-17110,OFF-AR-10003752,18.48,2,0.2,6.01,157364
US-2017-152492,7/6/2017,7/6/2017,Same Day,AH-10585,FUR-CH-10000155,239.24,1,0.2,23.92,152492
US-2015-155369,4/19/2015,4/25/2015,Standard Class,PG-18820,OFF-AP-10002578,19.57,2,0.8,-52.83,155369
US-2015-155369,4/19/2015,4/25/2015,Standard Class,PG-18820,OFF-BI-10003925,310.39,4,0.8,-512.15,155369
CA-2017-122364,9/24/2017,9/29/2017,Standard Class,FA-14230,TEC-MA-10001031,506.28,3,0.2,177.2,122364
CA-2015-113215,9/3/2015,9/8/2015,Standard Class,CP-12085,FUR-FU-10002937,238.15,3,0.2,89.31,113215
CA-2016-154662,6/9/2016,6/16/2016,Standard Class,BF-11215,FUR-TA-10001771,692.94,3,0,173.24,154662
CA-2015-105571,11/7/2015,11/11/2015,Standard Class,CP-12340,OFF-BI-10003305,16.15,9,0.7,-12.92,105571
CA-2015-105571,11/7/2015,11/11/2015,Standard Class,CP-12340,OFF-BI-10001359,1345.48,5,0.7,-1031.54,105571
CA-2016-152765,6/15/2016,6/18/2016,First Class,LS-17245,OFF-PA-10000483,173.49,7,0.2,54.22,152765
CA-2015-153878,4/25/2015,4/30/2015,Standard Class,TS-21655,OFF-AP-10001205,272.4,5,0,76.27,153878
CA-2016-124016,9/23/2016,9/26/2016,Second Class,JS-15940,FUR-FU-10004963,28,4,0.2,7.7,124016
CA-2016-124016,9/23/2016,9/26/2016,Second Class,JS-15940,OFF-BI-10002071,12.2,7,0.7,-9.76,124016
CA-2016-113551,8/18/2016,8/20/2016,First Class,NF-18385,OFF-BI-10001617,2.07,1,0.8,-3.41,113551
CA-2015-134201,4/10/2015,4/16/2015,Standard Class,EH-14125,OFF-ST-10001476,142.04,4,0,38.35,134201
CA-2015-111780,12/25/2015,12/30/2015,Second Class,RA-19285,TEC-CO-10004202,1199.96,5,0.2,224.99,111780
CA-2015-119942,4/5/2015,4/7/2015,First Class,TT-21070,OFF-LA-10001569,23.9,6,0.2,7.77,119942
CA-2015-151547,1/17/2015,1/23/2015,Standard Class,AH-10465,OFF-SU-10000898,88.96,8,0.2,10.01,151547
CA-2017-166695,5/20/2017,5/24/2017,Standard Class,CC-12430,FUR-CH-10000225,518.27,8,0.2,-97.18,166695
CA-2017-166695,5/20/2017,5/24/2017,Standard Class,CC-12430,FUR-FU-10002191,6.98,1,0,3.35,166695
CA-2017-166695,5/20/2017,5/24/2017,Standard Class,CC-12430,TEC-MA-10003176,343.2,1,0.2,38.61,166695
CA-2015-120901,12/31/2015,1/4/2016,Standard Class,BG-11035,OFF-ST-10000025,152.69,2,0.2,-26.72,120901
CA-2015-120901,12/31/2015,1/4/2016,Standard Class,BG-11035,OFF-FA-10001561,3.49,2,0.2,0.57,120901
CA-2015-120901,12/31/2015,1/4/2016,Standard Class,BG-11035,OFF-SU-10001225,5.89,2,0.2,-1.32,120901
CA-2017-121398,12/25/2017,12/29/2017,Standard Class,FH-14365,OFF-ST-10002756,270.62,2,0,2.71,121398
CA-2016-151561,9/1/2016,9/7/2016,Standard Class,PG-18820,TEC-AC-10003399,72.48,2,0,30.44,151561
CA-2017-154676,8/5/2017,8/8/2017,First Class,NZ-18565,OFF-ST-10001172,151.06,9,0.2,7.55,154676
US-2016-132577,11/22/2016,11/27/2016,Standard Class,JE-15475,TEC-AC-10000387,24.03,2,0.2,-0.6,132577
US-2016-132577,11/22/2016,11/27/2016,Standard Class,JE-15475,OFF-LA-10000262,2.09,1,0.2,0.68,132577
US-2016-132577,11/22/2016,11/27/2016,Standard Class,JE-15475,OFF-BI-10003196,4.49,6,0.8,-6.73,132577
CA-2017-100111,9/20/2017,9/26/2017,Standard Class,SV-20365,FUR-CH-10003846,272.65,3,0.1,18.18,100111
CA-2017-100111,9/20/2017,9/26/2017,Standard Class,SV-20365,TEC-AC-10002647,212.8,2,0,95.76,100111
CA-2017-100111,9/20/2017,9/26/2017,Standard Class,SV-20365,OFF-ST-10000615,45.4,4,0,12.71,100111
CA-2017-100111,9/20/2017,9/26/2017,Standard Class,SV-20365,FUR-CH-10003061,80.99,1,0.1,8.1,100111
CA-2017-100111,9/20/2017,9/26/2017,Standard Class,SV-20365,FUR-CH-10004086,2888.13,11,0.1,609.72,100111
CA-2017-100111,9/20/2017,9/26/2017,Standard Class,SV-20365,TEC-PH-10002885,1299.66,2,0,350.91,100111
CA-2017-100111,9/20/2017,9/26/2017,Standard Class,SV-20365,FUR-CH-10001215,2254.41,5,0.1,375.74,100111
US-2017-132381,8/22/2017,8/24/2017,First Class,Dp-13240,FUR-TA-10002356,314.53,2,0.4,-83.88,132381
CA-2015-147011,6/18/2015,6/22/2015,Standard Class,HR-14830,OFF-AR-10002399,13.63,4,0.2,3.58,147011
CA-2014-120852,12/20/2014,12/25/2014,Standard Class,WB-21850,OFF-AP-10001563,19.43,2,0.8,-49.55,120852
CA-2014-120852,12/20/2014,12/25/2014,Standard Class,WB-21850,TEC-AC-10004510,65.44,5,0.2,-8.18,120852
CA-2016-124590,11/12/2016,11/16/2016,Standard Class,SP-20920,FUR-CH-10004495,1474.8,7,0.3,-21.07,124590
CA-2016-124590,11/12/2016,11/16/2016,Standard Class,SP-20920,OFF-AP-10002311,110.1,2,0.2,33.03,124590
CA-2016-124590,11/12/2016,11/16/2016,Standard Class,SP-20920,OFF-FA-10000585,16.75,6,0.2,5.44,124590
CA-2016-124590,11/12/2016,11/16/2016,Standard Class,SP-20920,FUR-CH-10000454,1537.07,9,0.3,0,124590
CA-2016-124590,11/12/2016,11/16/2016,Standard Class,SP-20920,FUR-CH-10003746,449.37,2,0.3,-12.84,124590
CA-2016-133802,3/14/2016,3/20/2016,Standard Class,SP-20650,OFF-BI-10003291,41.9,6,0.2,14.14,133802
US-2016-113677,11/13/2016,11/19/2016,Standard Class,CM-12655,TEC-PH-10002114,2279.96,4,0,592.79,113677
CA-2017-143378,9/19/2017,9/25/2017,Standard Class,JR-16210,FUR-FU-10004864,409.22,8,0.2,61.38,143378
CA-2016-124100,3/31/2016,4/6/2016,Standard Class,EH-13990,FUR-CH-10003817,328,6,0.1,54.67,124100
US-2014-158400,10/25/2014,10/28/2014,First Class,AH-10030,OFF-BI-10002353,49.41,4,0.2,18.53,158400
CA-2014-163447,12/27/2014,12/31/2014,Standard Class,TB-21190,FUR-CH-10004477,767.21,14,0.1,161.97,163447
CA-2016-148096,8/16/2016,8/19/2016,First Class,AO-10810,FUR-TA-10004152,161.28,2,0.2,12.1,148096
CA-2016-146766,11/4/2016,11/4/2016,Same Day,TT-21220,OFF-AR-10002135,192.8,4,0,55.91,146766
CA-2015-105613,10/18/2015,10/22/2015,Standard Class,KN-16705,OFF-AP-10000026,73.16,6,0.8,-186.57,105613
CA-2014-131247,3/30/2014,4/4/2014,Standard Class,GA-14725,FUR-BO-10001337,205.67,2,0.15,-12.1,131247
US-2015-113593,4/18/2015,4/20/2015,First Class,NC-18415,OFF-ST-10000532,115.44,3,0,30.01,113593
CA-2017-121083,7/9/2017,7/15/2017,Standard Class,JF-15190,OFF-PA-10001497,274.8,5,0,134.65,121083
CA-2017-121083,7/9/2017,7/15/2017,Standard Class,JF-15190,OFF-AR-10002987,119.04,6,0,48.81,121083
CA-2017-151190,6/27/2017,7/1/2017,Standard Class,GT-14710,OFF-PA-10000575,20.07,3,0,9.23,151190
CA-2017-105130,11/21/2017,11/25/2017,Standard Class,PJ-18835,OFF-BI-10001191,40.74,2,0.2,14.77,105130
CA-2017-101322,12/28/2017,12/31/2017,First Class,JG-15310,FUR-CH-10003968,340.7,6,0.2,-34.07,101322
CA-2014-111871,3/18/2014,3/21/2014,Second Class,EK-13795,FUR-BO-10004218,1198.33,10,0.15,70.49,111871
CA-2017-151484,4/20/2017,4/23/2017,First Class,CV-12805,OFF-ST-10002370,51.34,3,0.2,5.78,151484
CA-2017-151484,4/20/2017,4/23/2017,First Class,CV-12805,OFF-ST-10000142,332.7,1,0.2,33.27,151484
CA-2017-151484,4/20/2017,4/23/2017,First Class,CV-12805,FUR-FU-10004671,42.41,3,0.2,9.54,151484
CA-2016-104150,8/3/2016,8/5/2016,Second Class,AG-10330,TEC-AC-10004803,167.28,12,0,23.42,104150
CA-2014-103989,3/19/2014,3/21/2014,First Class,MC-17605,OFF-ST-10000918,26.16,3,0.2,1.96,103989
CA-2014-103989,3/19/2014,3/21/2014,First Class,MC-17605,OFF-BI-10001196,33.57,5,0.7,-25.74,103989
CA-2014-103989,3/19/2014,3/21/2014,First Class,MC-17605,TEC-AC-10002647,170.24,2,0.2,53.2,103989
CA-2015-142433,4/20/2015,4/25/2015,Standard Class,ES-14020,OFF-PA-10002377,117.46,3,0.2,44.05,142433
CA-2016-141523,12/19/2016,12/24/2016,Second Class,MH-17440,OFF-BI-10000948,34.25,3,0.2,11.56,141523
US-2014-106299,8/2/2014,8/8/2014,Standard Class,NZ-18565,OFF-BI-10001758,26.7,5,0,12.55,106299
US-2014-106299,8/2/2014,8/8/2014,Standard Class,NZ-18565,TEC-AC-10003237,21.2,2,0,9.12,106299
US-2014-106299,8/2/2014,8/8/2014,Standard Class,NZ-18565,OFF-ST-10002011,838.38,2,0,226.36,106299
CA-2015-158421,9/21/2015,9/26/2015,Standard Class,GB-14575,FUR-CH-10000309,1690.04,4,0,422.51,158421
CA-2015-158421,9/21/2015,9/26/2015,Standard Class,GB-14575,OFF-EN-10001453,121.96,2,0,57.32,158421
CA-2015-158421,9/21/2015,9/26/2015,Standard Class,GB-14575,TEC-PH-10002538,113.73,3,0,32.98,158421
CA-2015-158421,9/21/2015,9/26/2015,Standard Class,GB-14575,OFF-BI-10000050,14.6,2,0,6.86,158421
CA-2015-158421,9/21/2015,9/26/2015,Standard Class,GB-14575,OFF-ST-10004186,887.84,8,0,17.76,158421
CA-2016-143609,12/11/2016,12/13/2016,First Class,DB-13270,FUR-CH-10004218,403.92,5,0.2,25.24,143609
CA-2015-138331,8/7/2015,8/12/2015,Standard Class,JK-15625,OFF-AR-10002952,106.8,10,0.2,10.68,138331
CA-2015-138954,11/15/2015,11/17/2015,First Class,MH-17785,OFF-BI-10003963,34.94,6,0.2,11.79,138954
CA-2017-157903,4/4/2017,4/8/2017,Standard Class,AM-10705,TEC-PH-10004345,383.84,4,0.2,47.98,157903
CA-2016-157259,12/24/2016,12/28/2016,Standard Class,JM-15535,FUR-FU-10003192,799.56,9,0,207.89,157259
CA-2017-104927,12/22/2017,12/26/2017,Standard Class,AG-10330,OFF-BI-10003429,6.33,5,0.8,-9.81,104927
CA-2017-113453,10/21/2017,10/28/2017,Standard Class,CM-12160,TEC-PH-10004165,329.99,2,0.4,-77,113453
CA-2017-113453,10/21/2017,10/28/2017,Standard Class,CM-12160,OFF-ST-10000352,71.38,3,0.2,-4.46,113453
CA-2015-149909,11/13/2015,11/17/2015,Standard Class,RA-19915,OFF-PA-10000726,63.77,7,0,28.7,149909
CA-2015-149909,11/13/2015,11/17/2015,Standard Class,RA-19915,TEC-PH-10001536,50.97,3,0,13.25,149909
CA-2015-146675,4/16/2015,4/20/2015,Standard Class,SB-20185,TEC-CO-10001766,1439.97,4,0.2,485.99,146675
CA-2016-118332,12/16/2016,12/23/2016,Standard Class,PK-19075,FUR-CH-10001708,563.92,5,0.2,7.05,118332
CA-2016-133669,10/21/2016,10/27/2016,Standard Class,SV-20935,TEC-PH-10001305,235.15,8,0.4,-47.03,133669
CA-2016-133697,10/20/2016,10/24/2016,Second Class,CM-12445,OFF-PA-10000726,51.02,7,0.2,15.94,133697
CA-2016-133697,10/20/2016,10/24/2016,Second Class,CM-12445,OFF-FA-10003112,25.25,4,0.2,7.89,133697
CA-2016-133697,10/20/2016,10/24/2016,Second Class,CM-12445,FUR-CH-10002372,56.69,1,0.3,-14.58,133697
CA-2017-148138,9/29/2017,10/3/2017,Standard Class,ME-18010,OFF-ST-10000563,51.17,2,0.2,-6.4,148138
CA-2017-119809,8/18/2017,8/25/2017,Standard Class,YS-21880,OFF-BI-10003925,2793.53,9,0.2,942.82,119809
CA-2017-119809,8/18/2017,8/25/2017,Standard Class,YS-21880,FUR-FU-10001475,65.94,3,0,22.42,119809
CA-2015-161711,11/28/2015,12/3/2015,Standard Class,MC-17425,FUR-FU-10000087,68.16,3,0,27.95,161711
CA-2016-160220,10/20/2016,10/26/2016,Standard Class,JS-16030,TEC-PH-10001300,125.7,6,0,35.2,160220
CA-2017-140627,12/23/2017,12/27/2017,Standard Class,DK-12985,OFF-AR-10000422,12.26,7,0.2,1.07,140627
CA-2015-133445,10/5/2015,10/9/2015,Standard Class,JF-15490,FUR-BO-10003660,66.29,1,0.7,-103.86,133445
CA-2015-133445,10/5/2015,10/9/2015,Standard Class,JF-15490,FUR-CH-10000422,291.17,4,0.2,-14.56,133445
CA-2016-148208,1/22/2016,1/27/2016,Standard Class,BT-11530,TEC-PH-10004093,110.38,4,0.4,-20.24,148208
CA-2017-127656,7/11/2017,7/17/2017,Standard Class,NW-18400,OFF-AR-10001166,30.32,4,0,11.82,127656
US-2017-142188,9/11/2017,9/11/2017,Same Day,JF-15415,OFF-PA-10004101,71.28,11,0,34.21,142188
US-2017-142188,9/11/2017,9/11/2017,Same Day,JF-15415,OFF-BI-10004600,1471.96,5,0.2,459.99,142188
US-2016-155180,1/22/2016,1/29/2016,Standard Class,TB-21280,OFF-BI-10004506,26.34,4,0.2,9.22,155180
CA-2015-134075,12/12/2015,12/16/2015,Standard Class,HA-14905,FUR-FU-10004597,166.5,3,0,21.64,134075
US-2016-131912,10/29/2016,11/1/2016,Second Class,LH-17155,OFF-BI-10004236,11.74,1,0.2,3.82,131912
CA-2017-141572,5/28/2017,5/31/2017,Second Class,LO-17170,FUR-FU-10001185,247.44,8,0,101.45,141572
CA-2017-121580,5/29/2017,6/4/2017,Standard Class,ML-17410,OFF-BI-10000632,43.41,1,0,19.97,121580
CA-2017-121580,5/29/2017,6/4/2017,Standard Class,ML-17410,OFF-AP-10001564,465.16,2,0,120.94,121580
CA-2014-101147,12/2/2014,12/4/2014,First Class,MC-17575,OFF-AP-10004249,2.39,1,0.8,-6.34,101147
CA-2014-165806,4/7/2014,4/7/2014,Same Day,VM-21685,TEC-PH-10004922,200.97,3,0,50.24,165806
CA-2017-139444,9/9/2017,9/15/2017,Standard Class,GK-14620,OFF-LA-10000134,9.86,4,0.2,3.45,139444
CA-2017-141425,11/2/2017,11/6/2017,Second Class,AR-10825,OFF-SU-10000646,384.59,2,0.2,-81.73,141425
CA-2016-132479,9/24/2016,9/26/2016,First Class,MK-17905,OFF-BI-10004584,442.37,7,0.8,-729.91,132479
US-2016-115952,10/6/2016,10/6/2016,Same Day,JH-15910,OFF-BI-10004654,28.85,5,0,14.42,115952
CA-2015-115392,10/1/2015,10/4/2015,Second Class,RM-19675,TEC-PH-10002496,311.98,2,0,93.59,115392
CA-2015-115392,10/1/2015,10/4/2015,Second Class,RM-19675,OFF-BI-10000829,22.45,5,0,10.33,115392
CA-2017-102379,12/2/2017,12/6/2017,Standard Class,BB-11545,FUR-CH-10004983,1159.06,9,0.2,43.46,102379
CA-2017-102379,12/2/2017,12/6/2017,Standard Class,BB-11545,OFF-AR-10004022,179.9,5,0,44.98,102379
CA-2017-149706,12/11/2017,12/12/2017,First Class,AS-10285,TEC-AC-10001284,116.31,7,0.2,23.26,149706
US-2016-139087,7/17/2016,7/22/2016,Second Class,DK-13375,TEC-AC-10004595,428.4,3,0,89.96,139087
US-2016-139087,7/17/2016,7/22/2016,Second Class,DK-13375,FUR-FU-10004164,24.75,5,0,10.89,139087
US-2016-139087,7/17/2016,7/22/2016,Second Class,DK-13375,TEC-PH-10000148,20.78,2,0.2,-4.68,139087
CA-2015-116484,11/20/2015,11/26/2015,Standard Class,JK-15205,FUR-FU-10002874,63.82,2,0.2,9.57,116484
CA-2015-116484,11/20/2015,11/26/2015,Standard Class,JK-15205,OFF-ST-10003994,141.55,3,0.2,-26.54,116484
CA-2016-100944,9/24/2016,9/28/2016,Standard Class,EH-13765,FUR-CH-10000988,563.24,5,0.2,56.32,100944
CA-2016-125080,10/21/2016,10/26/2016,Standard Class,VW-21775,FUR-TA-10003238,661.18,2,0.4,-231.41,125080
CA-2014-100090,7/8/2014,7/12/2014,Standard Class,EB-13705,FUR-TA-10003715,502.49,3,0.2,-87.94,100090
CA-2014-100090,7/8/2014,7/12/2014,Standard Class,EB-13705,OFF-BI-10001597,196.7,6,0.2,68.85,100090
US-2015-139675,3/13/2015,3/18/2015,Second Class,NF-18595,FUR-CH-10004063,915.14,4,0.2,102.95,139675
CA-2017-143756,12/2/2017,12/5/2017,First Class,ME-17725,FUR-CH-10001854,701.96,2,0,168.47,143756
CA-2014-141152,9/16/2014,9/19/2014,First Class,RF-19345,OFF-BI-10002931,33.55,1,0.2,12.58,141152
CA-2014-141313,12/28/2014,1/1/2015,Standard Class,AJ-10780,OFF-AP-10002651,1737.18,6,0,503.78,141313
CA-2014-169852,10/21/2014,10/26/2014,Standard Class,SF-20965,OFF-BI-10001460,36.36,3,0.2,12.27,169852
CA-2017-107314,11/30/2017,12/3/2017,First Class,MZ-17335,FUR-FU-10003489,25.83,3,0,9.56,107314
US-2014-161305,6/6/2014,6/12/2014,Standard Class,SB-20170,OFF-BI-10002794,24.59,3,0.8,-38.11,161305
US-2014-161305,6/6/2014,6/12/2014,Standard Class,SB-20170,OFF-EN-10000461,13.98,2,0.2,4.72,161305
CA-2017-166919,11/23/2017,11/27/2017,Standard Class,AH-10210,TEC-PH-10001305,195.96,5,0.2,19.6,166919
CA-2016-163328,11/4/2016,11/6/2016,Second Class,TP-21565,OFF-SU-10002301,17.58,7,0.2,-4.18,163328
CA-2016-163328,11/4/2016,11/6/2016,Second Class,TP-21565,FUR-CH-10003298,104.78,1,0.2,-14.41,163328
CA-2016-163328,11/4/2016,11/6/2016,Second Class,TP-21565,FUR-CH-10000229,650.35,3,0.2,-97.55,163328
CA-2016-163328,11/4/2016,11/6/2016,Second Class,TP-21565,OFF-LA-10003930,629.18,8,0.2,228.08,163328
CA-2016-163328,11/4/2016,11/6/2016,Second Class,TP-21565,OFF-PA-10000176,15.18,1,0.2,5.31,163328
CA-2017-120019,2/16/2017,2/21/2017,Standard Class,NG-18355,OFF-ST-10001932,579.51,3,0,81.13,120019
CA-2017-120019,2/16/2017,2/21/2017,Standard Class,NG-18355,TEC-PH-10000923,14.99,1,0,7.35,120019
CA-2014-100762,11/24/2014,11/29/2014,Standard Class,NG-18355,OFF-AR-10000380,151.92,4,0,45.58,100762
CA-2014-104402,6/17/2014,6/23/2014,Standard Class,DB-13660,TEC-MA-10000423,65.97,3,0,31.01,104402
CA-2015-110289,10/29/2015,11/2/2015,Standard Class,NB-18655,OFF-EN-10001434,210.84,4,0,103.31,110289
CA-2014-167927,1/20/2014,1/26/2014,Standard Class,XP-21865,OFF-AP-10002311,247.72,4,0.1,93.58,167927
CA-2014-167927,1/20/2014,1/26/2014,Standard Class,XP-21865,OFF-ST-10003123,66.58,2,0,15.98,167927
CA-2017-143112,10/5/2017,10/9/2017,Standard Class,TS-21370,TEC-PH-10003095,87.8,4,0,43.9,143112
CA-2017-143112,10/5/2017,10/9/2017,Standard Class,TS-21370,FUR-CH-10002880,221.38,2,0.1,2.46,143112
CA-2017-143112,10/5/2017,10/9/2017,Standard Class,TS-21370,TEC-MA-10001047,5199.96,4,0,1351.99,143112
US-2017-105830,12/31/2016,1/2/2017,First Class,DB-13660,OFF-ST-10002554,156.51,4,0.2,-35.22,105830
CA-2015-146255,3/7/2015,3/10/2015,First Class,EM-14140,TEC-AC-10004469,119.85,3,0,52.73,146255
CA-2015-146255,3/7/2015,3/10/2015,First Class,EM-14140,OFF-BI-10001765,69.28,2,0,33.25,146255
CA-2017-104822,10/20/2017,10/20/2017,Same Day,RB-19465,OFF-LA-10002034,24.55,5,0,12.03,104822
US-2015-161347,9/13/2015,9/19/2015,Standard Class,HG-14845,OFF-BI-10004209,2.41,1,0.7,-2.01,161347
US-2015-109015,9/6/2015,9/12/2015,Standard Class,BS-11590,OFF-AP-10001962,8.39,1,0,2.1,109015
US-2015-109015,9/6/2015,9/12/2015,Standard Class,BS-11590,TEC-PH-10002922,337.98,2,0,101.39,109015
CA-2017-110443,11/21/2017,11/25/2017,Standard Class,CK-12205,OFF-BI-10001670,150.8,5,0.2,56.55,110443
CA-2017-110443,11/21/2017,11/25/2017,Standard Class,CK-12205,TEC-MA-10002073,1039.99,1,0.2,104,110443
CA-2017-144848,4/4/2017,4/5/2017,First Class,DS-13030,TEC-PH-10004006,41.22,1,0,11.13,144848
CA-2017-144848,4/4/2017,4/5/2017,First Class,DS-13030,OFF-SU-10000646,240.37,1,0,7.21,144848
CA-2017-144848,4/4/2017,4/5/2017,First Class,DS-13030,TEC-PH-10002262,119.02,2,0,33.33,144848
US-2017-147998,5/19/2017,5/24/2017,Standard Class,SA-20830,OFF-BI-10002082,133.12,5,0.2,49.92,147998
CA-2016-103919,10/3/2016,10/7/2016,Standard Class,TP-21565,FUR-FU-10001756,38.08,5,0.6,-29.51,103919
CA-2014-107811,4/29/2014,5/3/2014,Standard Class,LA-16780,FUR-CH-10001394,561.58,2,0.2,70.2,107811
CA-2014-107811,4/29/2014,5/3/2014,Standard Class,LA-16780,OFF-ST-10000798,99.92,5,0.2,-1.25,107811
CA-2017-150623,4/10/2017,4/14/2017,Standard Class,DB-13360,OFF-ST-10003692,286.15,5,0,71.54,150623
US-2014-163797,4/8/2014,4/13/2014,Standard Class,PC-19000,OFF-FA-10001883,49.79,8,0.2,-11.83,163797
CA-2016-127236,3/29/2016,4/2/2016,Standard Class,TB-21595,FUR-BO-10004015,299.98,5,0.5,-167.99,127236
US-2017-104661,1/15/2017,1/18/2017,First Class,TB-21250,TEC-AC-10002331,62.59,8,0.2,13.3,104661
US-2017-104661,1/15/2017,1/18/2017,First Class,TB-21250,OFF-BI-10001098,4.28,1,0.8,-6.63,104661
CA-2014-134103,1/30/2014,2/4/2014,Standard Class,MV-18190,OFF-ST-10000991,229.94,2,0,6.9,134103
CA-2015-147529,2/7/2015,2/11/2015,Standard Class,DK-12835,OFF-EN-10000056,311.15,5,0,146.24,147529
CA-2016-129126,12/14/2016,12/19/2016,Standard Class,PK-19075,FUR-FU-10002937,396.92,4,0,198.46,129126
CA-2016-129126,12/14/2016,12/19/2016,Standard Class,PK-19075,OFF-ST-10004507,17.15,1,0,4.63,129126
CA-2017-151981,8/6/2017,8/12/2017,Standard Class,GM-14455,TEC-PH-10003601,824.95,5,0,247.48,151981
CA-2017-151981,8/6/2017,8/12/2017,Standard Class,GM-14455,OFF-LA-10002195,24.64,8,0,11.83,151981
CA-2017-151981,8/6/2017,8/12/2017,Standard Class,GM-14455,OFF-AR-10000380,227.88,6,0,68.36,151981
CA-2017-125472,5/30/2017,5/31/2017,First Class,BD-11725,FUR-FU-10001731,8.01,3,0,3.04,125472
CA-2017-154074,8/31/2017,9/2/2017,Second Class,BW-11110,FUR-CH-10002331,569.57,2,0.2,7.12,154074
CA-2017-154074,8/31/2017,9/2/2017,Second Class,BW-11110,OFF-ST-10002370,149.73,7,0,43.42,154074
CA-2017-161774,5/14/2017,5/15/2017,First Class,GT-14710,FUR-CH-10003981,899.43,5,0.3,-12.85,161774
CA-2017-161774,5/14/2017,5/15/2017,First Class,GT-14710,OFF-PA-10003134,76.86,2,0.2,26.9,161774
CA-2017-151211,8/17/2017,8/23/2017,Standard Class,AH-10120,OFF-BI-10002735,102.93,3,0,48.38,151211
CA-2016-111976,3/8/2016,3/12/2016,Standard Class,BD-11620,OFF-FA-10004968,5.98,2,0.2,-1.35,111976
CA-2014-159121,7/26/2014,8/1/2014,Standard Class,JO-15145,TEC-AC-10002006,111.93,7,0,34.7,159121
CA-2015-149650,10/24/2015,10/27/2015,First Class,RD-19660,FUR-CH-10003956,454.27,8,0.2,-73.82,149650
CA-2016-143714,5/23/2016,5/27/2016,Standard Class,CC-12370,TEC-CO-10004722,8399.98,4,0.4,1120,143714
CA-2016-143714,5/23/2016,5/27/2016,Standard Class,CC-12370,OFF-BI-10004308,6.29,1,0.7,-4.2,143714
CA-2016-143714,5/23/2016,5/27/2016,Standard Class,CC-12370,TEC-PH-10004080,122.38,3,0.4,-24.48,143714
CA-2014-165764,11/3/2014,11/7/2014,Standard Class,SH-20395,FUR-TA-10001768,945.04,6,0.4,-299.26,165764
CA-2014-165764,11/3/2014,11/7/2014,Standard Class,SH-20395,OFF-BI-10002982,14.3,7,0.7,-10.49,165764
CA-2014-165764,11/3/2014,11/7/2014,Standard Class,SH-20395,FUR-FU-10001468,410.35,3,0.2,-51.29,165764
CA-2015-121405,3/30/2015,4/4/2015,Standard Class,FC-14335,OFF-PA-10001838,23.52,5,0.2,8.53,121405
US-2017-116897,5/27/2017,5/29/2017,First Class,JG-15160,OFF-ST-10000025,477.15,5,0,28.63,116897
US-2017-113992,12/14/2017,12/19/2017,Standard Class,LC-16885,FUR-TA-10000577,974.99,4,0.3,-97.5,113992
CA-2014-166891,10/4/2014,10/6/2014,First Class,CC-12220,FUR-CH-10003298,589.41,5,0.1,-6.55,166891
CA-2016-101161,10/13/2016,10/20/2016,Standard Class,BW-11110,FUR-FU-10003535,82.26,3,0,33.73,101161
US-2017-119816,3/4/2017,3/6/2017,Second Class,TT-21460,FUR-FU-10004848,103.5,5,0.6,-77.62,119816
US-2017-119816,3/4/2017,3/6/2017,Second Class,TT-21460,OFF-LA-10002381,2.46,1,0.2,0.86,119816
CA-2015-156510,9/25/2015,9/29/2015,Standard Class,EH-13990,OFF-BI-10000822,10.76,2,0,5.16,156510
CA-2015-156510,9/25/2015,9/29/2015,Standard Class,EH-13990,OFF-AR-10004930,6.7,1,0,2.21,156510
CA-2015-125710,10/8/2015,10/13/2015,Standard Class,BT-11680,OFF-AR-10000657,3.44,2,0.2,0.56,125710
CA-2014-110065,8/5/2014,8/11/2014,Standard Class,SP-20650,TEC-PH-10002468,135.99,1,0,36.72,110065
US-2017-133361,5/14/2017,5/17/2017,First Class,AJ-10780,OFF-AR-10003338,37.2,5,0,9.3,133361
CA-2015-114503,11/13/2015,11/17/2015,Standard Class,AA-10375,OFF-ST-10003572,84.96,6,0.2,6.37,114503
CA-2016-163804,12/2/2016,12/8/2016,Standard Class,DB-13270,OFF-ST-10000142,2079.4,5,0,582.23,163804
CA-2016-163804,12/2/2016,12/8/2016,Standard Class,DB-13270,FUR-FU-10004864,72.42,6,0,23.9,163804
CA-2015-108532,8/29/2015,9/2/2015,Standard Class,CC-12100,TEC-AC-10004510,114.52,7,0,11.45,108532
CA-2016-113292,3/18/2016,3/20/2016,Second Class,DB-13060,OFF-AP-10003590,871.8,3,0.2,87.18,113292
CA-2017-140872,6/3/2017,6/10/2017,Standard Class,NR-18550,OFF-BI-10002432,4.55,3,0.7,-3.49,140872
CA-2017-140872,6/3/2017,6/10/2017,Standard Class,NR-18550,OFF-AP-10003622,5.2,2,0.2,0.58,140872
CA-2017-140872,6/3/2017,6/10/2017,Standard Class,NR-18550,TEC-AC-10003832,205.99,1,0.2,-2.57,140872
CA-2017-140872,6/3/2017,6/10/2017,Standard Class,NR-18550,OFF-AP-10002287,24.47,7,0.2,1.84,140872
CA-2017-140872,6/3/2017,6/10/2017,Standard Class,NR-18550,TEC-AC-10002942,110.4,2,0.2,-4.14,140872
CA-2017-113908,6/3/2017,6/9/2017,Standard Class,KN-16390,FUR-TA-10001932,384.77,2,0.4,-115.43,113908
CA-2017-113908,6/3/2017,6/9/2017,Standard Class,KN-16390,TEC-MA-10003173,78.66,6,0,36.18,113908
CA-2015-120621,3/21/2015,3/26/2015,Standard Class,JW-16075,OFF-AP-10002945,962.08,4,0.2,156.34,120621
CA-2015-120621,3/21/2015,3/26/2015,Standard Class,JW-16075,OFF-BI-10000948,12.84,3,0.7,-9.85,120621
CA-2015-120621,3/21/2015,3/26/2015,Standard Class,JW-16075,OFF-PA-10002254,295.46,14,0.2,96.02,120621
CA-2014-149594,9/15/2014,9/19/2014,Standard Class,MF-18250,FUR-FU-10000222,103.94,4,0.2,16.89,149594
CA-2016-113845,11/20/2016,11/25/2016,Standard Class,FA-14230,FUR-BO-10004695,289.57,2,0.2,10.86,113845
CA-2016-113845,11/20/2016,11/25/2016,Standard Class,FA-14230,OFF-ST-10003327,39.72,5,0.2,4.47,113845
CA-2016-113845,11/20/2016,11/25/2016,Standard Class,FA-14230,TEC-PH-10003357,244.77,4,0.2,24.48,113845
CA-2015-103135,7/24/2015,7/28/2015,Standard Class,SS-20515,OFF-BI-10000069,135.09,9,0,62.14,103135
CA-2015-103135,7/24/2015,7/28/2015,Standard Class,SS-20515,TEC-AC-10003289,279.86,14,0,64.37,103135
CA-2015-103135,7/24/2015,7/28/2015,Standard Class,SS-20515,OFF-BI-10000069,90.06,6,0,41.43,103135
CA-2014-129147,11/2/2014,11/6/2014,Standard Class,LC-17050,TEC-PH-10001552,50.23,7,0.4,-10.05,129147
CA-2014-129147,11/2/2014,11/6/2014,Standard Class,LC-17050,OFF-BI-10001098,19.24,3,0.7,-13.47,129147
CA-2016-152331,6/26/2016,6/30/2016,Standard Class,LD-16855,OFF-AR-10001547,5.3,3,0.2,0.46,152331
US-2016-128909,10/9/2016,10/11/2016,Second Class,SP-20545,OFF-PA-10001593,19.14,4,0.2,5.98,128909
US-2016-128909,10/9/2016,10/11/2016,Second Class,SP-20545,FUR-FU-10004071,332.83,4,0.2,-24.96,128909
CA-2017-102197,12/20/2017,12/26/2017,Standard Class,DK-13150,OFF-BI-10001524,50.35,3,0.2,17.62,102197
CA-2017-167640,3/6/2017,3/10/2017,Standard Class,FC-14245,TEC-PH-10001336,206.38,2,0.2,23.22,167640
US-2017-116652,9/15/2017,9/19/2017,Standard Class,RD-19480,FUR-FU-10001488,529.9,5,0,105.98,116652
US-2017-116652,9/15/2017,9/19/2017,Standard Class,RD-19480,OFF-AR-10001915,99.3,10,0,41.71,116652
US-2017-116652,9/15/2017,9/19/2017,Standard Class,RD-19480,OFF-AP-10001205,108.96,2,0,30.51,116652
CA-2017-138289,1/16/2017,1/18/2017,Second Class,AR-10540,OFF-BI-10004995,5443.96,4,0,2504.22,138289
CA-2017-138289,1/16/2017,1/18/2017,Second Class,AR-10540,OFF-PA-10001260,56.07,7,0,25.23,138289
CA-2014-146864,12/22/2014,12/26/2014,Standard Class,BT-11530,OFF-ST-10004946,216.4,4,0,56.26,146864
CA-2014-103744,2/23/2014,2/27/2014,Standard Class,MG-17875,OFF-LA-10004425,6.94,3,0.2,2.34,103744
CA-2014-103744,2/23/2014,2/27/2014,Standard Class,MG-17875,OFF-BI-10000320,4.43,3,0.8,-6.86,103744
US-2017-107384,12/4/2017,12/8/2017,Standard Class,TP-21130,TEC-AC-10004595,142.8,1,0,29.99,107384
US-2017-107384,12/4/2017,12/8/2017,Standard Class,TP-21130,TEC-AC-10001539,399.95,5,0,143.98,107384
CA-2014-128209,11/17/2014,11/22/2014,Standard Class,GT-14710,OFF-BI-10001359,2152.78,3,0.2,726.56,128209
CA-2014-128209,11/17/2014,11/22/2014,Standard Class,GT-14710,FUR-BO-10002213,4007.84,10,0.2,-50.1,128209
CA-2015-109862,10/25/2015,10/30/2015,Standard Class,HK-14890,TEC-PH-10004042,158.99,1,0,41.34,109862
CA-2015-109862,10/25/2015,10/30/2015,Standard Class,HK-14890,FUR-CH-10002439,291.1,5,0,75.69,109862
US-2017-107888,11/16/2017,11/19/2017,First Class,CC-12220,OFF-PA-10001363,73.68,6,0,34.63,107888
US-2017-154872,5/14/2017,5/18/2017,Standard Class,DP-13000,OFF-BI-10003007,58.17,5,0.7,-46.54,154872
CA-2014-113880,3/1/2014,3/5/2014,Standard Class,VF-21715,FUR-CH-10000863,634.12,6,0.3,-172.12,113880
US-2015-164966,7/30/2015,8/1/2015,First Class,GH-14410,FUR-CH-10002304,155.88,6,0,38.97,164966
CA-2015-126739,11/1/2015,11/3/2015,Second Class,JH-16180,FUR-CH-10000422,327.56,4,0.1,21.84,126739
CA-2014-137092,10/20/2014,10/22/2014,Second Class,LS-16975,OFF-ST-10003805,505.32,3,0.2,31.58,137092
CA-2014-137092,10/20/2014,10/22/2014,Second Class,LS-16975,OFF-PA-10002109,3.81,1,0.2,1.24,137092
CA-2014-137092,10/20/2014,10/22/2014,Second Class,LS-16975,OFF-BI-10000632,8.68,1,0.8,-14.76,137092
CA-2014-137092,10/20/2014,10/22/2014,Second Class,LS-16975,OFF-LA-10003510,24.42,1,0.2,7.94,137092
CA-2015-166947,6/5/2015,6/10/2015,Standard Class,EB-13750,FUR-CH-10004997,1522.64,9,0.1,169.18,166947
CA-2016-160941,7/21/2016,7/26/2016,Standard Class,DK-12835,OFF-EN-10003001,419.9,5,0,197.35,160941
CA-2017-144680,3/31/2017,4/2/2017,First Class,SC-20260,OFF-AP-10003040,33.62,5,0.8,-90.77,144680
CA-2014-166086,5/7/2014,5/12/2014,Standard Class,CT-11995,OFF-BI-10001078,16.14,3,0,7.91,166086
CA-2014-166086,5/7/2014,5/12/2014,Standard Class,CT-11995,FUR-TA-10003469,194.25,2,0.3,-38.85,166086
CA-2017-131282,2/5/2017,2/8/2017,Second Class,CB-12025,OFF-AR-10003087,7.12,5,0.2,0.71,131282
CA-2016-160535,11/25/2016,11/30/2016,Standard Class,BP-11050,TEC-MA-10004255,319.92,8,0,118.37,160535
CA-2017-123085,3/3/2017,3/8/2017,Standard Class,EJ-13720,TEC-AC-10000990,1049.44,8,0,440.76,123085
CA-2014-103660,8/25/2014,8/30/2014,Standard Class,MW-18220,TEC-PH-10000895,1007.94,7,0.2,75.6,103660
CA-2017-104731,7/21/2017,7/27/2017,Standard Class,AM-10705,OFF-SU-10003505,231.72,2,0,11.59,104731
CA-2014-164749,3/23/2014,3/26/2014,First Class,BG-11740,OFF-LA-10004484,9.91,3,0.2,3.22,164749
CA-2015-103716,4/30/2015,5/6/2015,Standard Class,KB-16585,TEC-PH-10000347,19.8,5,0.2,1.73,103716
CA-2015-146290,5/4/2015,5/11/2015,Standard Class,SV-20815,OFF-AR-10001897,125.93,7,0,35.26,146290
CA-2014-169257,6/6/2014,6/12/2014,Standard Class,SV-20785,OFF-BI-10002557,1.36,1,0.7,-0.91,169257
CA-2014-169257,6/6/2014,6/12/2014,Standard Class,SV-20785,OFF-PA-10002319,62.02,2,0.2,22.48,169257
CA-2014-154095,12/2/2014,12/7/2014,Standard Class,ON-18715,FUR-CH-10004754,239.84,8,0,64.76,154095
CA-2016-148852,5/26/2016,5/31/2016,Standard Class,SV-20785,FUR-CH-10004860,484.7,6,0.2,-84.82,148852
CA-2016-148852,5/26/2016,5/31/2016,Standard Class,SV-20785,TEC-MA-10002428,371.98,3,0.2,116.24,148852
US-2015-118906,3/10/2015,3/10/2015,Same Day,KB-16585,OFF-ST-10002406,89.82,6,0,25.15,118906
CA-2015-107678,4/21/2015,4/28/2015,Standard Class,JK-16090,TEC-PH-10002103,469.95,5,0,131.59,107678
US-2017-167402,1/13/2017,1/18/2017,Second Class,CP-12085,OFF-AR-10004010,209.94,6,0,54.58,167402
CA-2015-141250,1/19/2015,1/23/2015,Standard Class,PM-18940,FUR-TA-10002855,102.44,1,0.3,-13.17,141250
CA-2015-141250,1/19/2015,1/23/2015,Standard Class,PM-18940,FUR-CH-10004875,199.3,4,0.3,-8.54,141250
CA-2014-145541,12/14/2014,12/21/2014,Standard Class,TB-21400,TEC-MA-10001127,6999.96,4,0,2239.99,145541
CA-2016-105081,12/25/2016,12/30/2016,Standard Class,JE-15715,FUR-TA-10001307,1747.25,5,0,629.01,105081
US-2016-146857,5/6/2016,5/8/2016,Second Class,BE-11455,OFF-AP-10001205,54.48,1,0,15.25,146857
CA-2016-166275,10/24/2016,10/24/2016,Same Day,SS-20590,TEC-AC-10001838,199.99,1,0,86,166275
CA-2017-144498,5/6/2017,5/6/2017,Same Day,MB-18085,OFF-BI-10003982,68.54,11,0.7,-52.55,144498
CA-2017-103352,11/27/2017,11/30/2017,Second Class,RP-19390,OFF-AR-10001573,6.99,3,0,2.03,103352
CA-2017-128328,8/5/2017,8/9/2017,Standard Class,PO-18865,OFF-BI-10001989,125.88,6,0,60.42,128328
CA-2017-128328,8/5/2017,8/9/2017,Standard Class,PO-18865,TEC-AC-10001714,79.78,2,0,29.52,128328
CA-2017-128328,8/5/2017,8/9/2017,Standard Class,PO-18865,OFF-LA-10003498,133.2,9,0,66.6,128328
US-2015-156496,8/10/2015,8/16/2015,Standard Class,WB-21850,TEC-PH-10004188,139.94,7,0.2,-31.49,156496
US-2015-156496,8/10/2015,8/16/2015,Standard Class,WB-21850,OFF-AP-10001469,133.47,4,0.2,15.02,156496
US-2016-127334,12/15/2016,12/21/2016,Standard Class,MP-18175,FUR-TA-10003473,564.2,3,0.5,-304.67,127334
US-2017-124779,9/8/2017,9/11/2017,First Class,BF-11020,TEC-CO-10001943,319.98,2,0.2,107.99,124779
US-2017-124779,9/8/2017,9/11/2017,First Class,BF-11020,FUR-FU-10001095,21.18,2,0.6,-11.65,124779
US-2017-124779,9/8/2017,9/11/2017,First Class,BF-11020,FUR-CH-10003535,213.43,5,0.3,-39.64,124779
CA-2017-135937,2/20/2017,2/27/2017,Standard Class,KM-16375,TEC-AC-10001114,31.99,1,0.2,4.8,135937
CA-2017-135937,2/20/2017,2/27/2017,Standard Class,KM-16375,FUR-FU-10002253,68.7,2,0.2,16.32,135937
CA-2017-135937,2/20/2017,2/27/2017,Standard Class,KM-16375,FUR-TA-10001039,386.91,9,0.5,-185.72,135937
CA-2015-129322,8/8/2015,8/10/2015,Second Class,DB-13405,OFF-AR-10004587,39.66,2,0,11.9,129322
CA-2017-162173,10/26/2017,11/1/2017,Standard Class,OT-18730,FUR-TA-10001520,356.85,5,0,60.66,162173
CA-2017-162173,10/26/2017,11/1/2017,Standard Class,OT-18730,OFF-EN-10002831,251.58,7,0,113.21,162173
CA-2017-122175,5/12/2017,5/14/2017,Second Class,CA-12775,FUR-FU-10000719,42.85,5,0,15.43,122175
CA-2017-122175,5/12/2017,5/14/2017,Second Class,CA-12775,OFF-SU-10004661,17,2,0,4.42,122175
CA-2017-122175,5/12/2017,5/14/2017,Second Class,CA-12775,TEC-AC-10004859,87.4,5,0,34.96,122175
CA-2015-153794,9/11/2015,9/16/2015,Standard Class,SB-20290,OFF-AR-10000380,265.86,7,0,79.76,153794
CA-2015-135510,9/5/2015,9/12/2015,Standard Class,TW-21025,FUR-FU-10000820,67.96,4,0,12.23,135510
CA-2015-109337,11/21/2015,11/23/2015,Second Class,DL-13330,TEC-MA-10002930,83.9,2,0,22.65,109337
CA-2015-109337,11/21/2015,11/23/2015,Second Class,DL-13330,OFF-AP-10004052,19.75,5,0,5.14,109337
CA-2015-109337,11/21/2015,11/23/2015,Second Class,DL-13330,TEC-AC-10000990,393.54,3,0,165.29,109337
CA-2014-150329,10/10/2014,10/14/2014,Standard Class,SD-20485,FUR-FU-10003724,46.87,7,0.2,3.52,150329
CA-2017-154466,1/1/2017,1/2/2017,First Class,DP-13390,OFF-BI-10002012,3.6,2,0,1.73,154466
US-2015-129637,12/17/2015,12/22/2015,Standard Class,MC-18100,OFF-ST-10003716,180.02,1,0.2,-15.75,129637
US-2015-129637,12/17/2015,12/22/2015,Standard Class,MC-18100,FUR-FU-10000965,41.55,2,0.6,-19.74,129637
CA-2017-104108,12/2/2017,12/9/2017,Standard Class,RP-19855,OFF-AR-10000817,12.16,5,0.2,2.13,104108
CA-2017-160899,8/11/2017,8/13/2017,Second Class,DR-12940,OFF-BI-10000632,477.51,11,0,219.65,160899
US-2016-163538,8/26/2016,8/30/2016,Standard Class,SS-20515,TEC-AC-10002006,47.97,3,0,14.87,163538
US-2016-155103,12/2/2016,12/7/2016,Standard Class,JF-15190,OFF-BI-10004318,415.18,3,0.2,134.93,155103
US-2016-155103,12/2/2016,12/7/2016,Standard Class,JF-15190,OFF-BI-10004236,35.23,3,0.2,11.45,155103
CA-2017-145429,7/21/2017,7/25/2017,Standard Class,SW-20455,OFF-PA-10003205,16.34,2,0,7.68,145429
CA-2015-153535,5/20/2015,5/24/2015,Standard Class,SG-20470,FUR-FU-10001986,163.14,4,0.2,20.39,153535
CA-2015-139164,6/23/2015,6/28/2015,Standard Class,CS-12355,OFF-FA-10003059,5.43,3,0,1.79,139164
CA-2016-112277,9/10/2016,9/15/2016,Standard Class,SC-20695,TEC-PH-10003505,519.68,7,0.2,58.46,112277
CA-2016-149503,12/9/2016,12/12/2016,First Class,SP-20650,OFF-BI-10002133,273.92,8,0.2,99.3,149503
CA-2017-107629,12/14/2017,12/14/2017,Same Day,DB-13060,FUR-FU-10002298,266.35,6,0.6,-292.99,107629
CA-2017-107629,12/14/2017,12/14/2017,Same Day,DB-13060,FUR-FU-10004091,56.33,3,0.6,-26.76,107629
CA-2017-107629,12/14/2017,12/14/2017,Same Day,DB-13060,TEC-AC-10004510,39.26,3,0.2,-4.91,107629
CA-2017-107629,12/14/2017,12/14/2017,Same Day,DB-13060,OFF-AR-10002987,95.23,6,0.2,25,107629
CA-2016-134789,4/8/2016,4/15/2016,Standard Class,CK-12325,FUR-FU-10003268,159.92,4,0,31.98,134789
CA-2017-102974,9/19/2017,9/24/2017,Standard Class,DP-13105,OFF-AR-10000914,23.32,2,0,6.06,102974
CA-2016-128811,9/12/2016,9/16/2016,Standard Class,SF-20200,OFF-FA-10000585,10.47,3,0,4.82,128811
CA-2016-128811,9/12/2016,9/16/2016,Standard Class,SF-20200,OFF-BI-10000301,20.7,4,0.2,7.76,128811
CA-2016-165827,11/4/2016,11/9/2016,Standard Class,MF-17665,FUR-FU-10001889,50.5,6,0.2,8.21,165827
CA-2015-156734,6/18/2015,6/20/2015,First Class,BV-11245,OFF-BI-10002982,6.13,3,0.7,-4.49,156734
CA-2015-156734,6/18/2015,6/20/2015,First Class,BV-11245,FUR-CH-10002965,643.14,4,0.2,56.27,156734
CA-2014-120096,7/4/2014,7/7/2014,First Class,KE-16420,OFF-AP-10000692,32.43,2,0.2,3.24,120096
CA-2016-123358,4/10/2016,4/17/2016,Standard Class,BT-11680,OFF-AP-10004980,113.76,3,0,44.37,123358
CA-2016-123358,4/10/2016,4/17/2016,Standard Class,BT-11680,OFF-ST-10000636,150.66,9,0,6.03,123358
CA-2016-123358,4/10/2016,4/17/2016,Standard Class,BT-11680,OFF-BI-10000069,48.03,4,0.2,15.61,123358
CA-2014-144029,5/26/2014,5/31/2014,Standard Class,MM-18055,OFF-ST-10001837,102.62,3,0.2,7.7,144029
CA-2014-144029,5/26/2014,5/31/2014,Standard Class,MM-18055,FUR-CH-10003981,359.77,2,0.3,-5.14,144029
US-2017-101784,7/6/2017,7/11/2017,Standard Class,PO-18850,FUR-CH-10001146,122.14,3,0.2,-13.74,101784
CA-2017-111269,6/16/2017,6/18/2017,Second Class,CS-12355,TEC-AC-10001606,479.95,6,0.2,107.99,111269
CA-2017-100230,12/11/2017,12/15/2017,Standard Class,AA-10375,TEC-PH-10004522,116.98,2,0,29.24,100230
CA-2016-154767,6/28/2016,6/30/2016,Second Class,BP-11155,OFF-AP-10000595,8.74,2,0,2.27,154767
CA-2016-154767,6/28/2016,6/30/2016,Second Class,BP-11155,OFF-AP-10002311,275.24,4,0,121.11,154767
CA-2017-124205,9/15/2017,9/19/2017,Standard Class,TC-21145,FUR-FU-10002445,47.4,5,0,18.96,124205
CA-2017-124205,9/15/2017,9/19/2017,Standard Class,TC-21145,FUR-CH-10003606,512.96,4,0,143.63,124205
CA-2017-124205,9/15/2017,9/19/2017,Standard Class,TC-21145,TEC-PH-10002115,395.94,6,0,102.94,124205
CA-2016-162943,7/24/2016,7/26/2016,Second Class,DB-12970,FUR-CH-10001708,253.76,2,0.1,31.02,162943
CA-2016-144764,9/2/2016,9/8/2016,Standard Class,RL-19615,TEC-MA-10003230,1362.9,3,0.3,-19.47,144764
CA-2014-109302,8/12/2014,8/16/2014,Standard Class,CS-12175,OFF-BI-10002854,196.21,7,0,98.1,109302
CA-2017-139402,12/9/2017,12/13/2017,Standard Class,NC-18535,OFF-BI-10000279,13,3,0.7,-9.97,139402
CA-2016-119018,11/4/2016,11/8/2016,Standard Class,CW-11905,OFF-BI-10000494,4.18,1,0.2,1.3,119018
CA-2015-105361,3/29/2015,4/4/2015,Standard Class,CM-12115,OFF-PA-10002615,17.64,4,0,8.11,105361
US-2016-152373,9/5/2016,9/11/2016,Standard Class,PT-19090,OFF-ST-10003479,93.46,3,0.2,-17.52,152373
US-2017-166037,1/28/2017,2/1/2017,Standard Class,CL-12700,TEC-AC-10002800,449.91,9,0,157.47,166037
US-2016-147711,9/3/2016,9/8/2016,Second Class,HF-14995,FUR-BO-10003159,344.94,3,0,31.04,147711
CA-2017-121293,7/25/2017,7/28/2017,Second Class,JC-15775,FUR-FU-10000732,20.1,4,0.2,3.01,121293
CA-2017-121293,7/25/2017,7/28/2017,Second Class,JC-15775,OFF-SU-10004884,37.75,3,0.2,4.25,121293
CA-2017-121293,7/25/2017,7/28/2017,Second Class,JC-15775,FUR-TA-10001771,138.59,1,0.4,-34.65,121293
CA-2017-121293,7/25/2017,7/28/2017,Second Class,JC-15775,OFF-ST-10000060,259.92,5,0.2,-25.99,121293
CA-2015-145394,11/16/2015,11/20/2015,Standard Class,MC-17605,OFF-ST-10000344,21.49,2,0.2,1.61,145394
CA-2016-109827,12/25/2016,1/1/2017,Standard Class,LW-16825,FUR-TA-10002607,35.44,1,0.5,-24.1,109827
CA-2016-109827,12/25/2016,1/1/2017,Standard Class,LW-16825,TEC-AC-10002217,45.12,3,0.2,-7.9,109827
CA-2016-109827,12/25/2016,1/1/2017,Standard Class,LW-16825,TEC-AC-10004353,100.8,2,0.2,21.42,109827
CA-2016-109827,12/25/2016,1/1/2017,Standard Class,LW-16825,FUR-CH-10004754,47.97,2,0.2,4.2,109827
CA-2017-162880,12/25/2017,12/29/2017,Standard Class,GD-14590,OFF-BI-10003314,3.86,1,0.2,1.4,162880
CA-2017-156237,9/14/2017,9/15/2017,First Class,PS-18760,TEC-MA-10002930,12.58,1,0.7,-18.04,156237
CA-2017-156237,9/14/2017,9/15/2017,First Class,PS-18760,FUR-CH-10002372,113.37,2,0.3,-29.15,156237
CA-2017-156237,9/14/2017,9/15/2017,First Class,PS-18760,OFF-BI-10003707,18.31,4,0.7,-12.21,156237
CA-2017-156237,9/14/2017,9/15/2017,First Class,PS-18760,FUR-FU-10001057,127.94,8,0.2,4.8,156237
CA-2017-156237,9/14/2017,9/15/2017,First Class,PS-18760,TEC-MA-10001681,241.17,2,0.7,-168.82,156237
CA-2014-144414,6/17/2014,6/21/2014,Standard Class,GH-14425,OFF-BI-10004995,3266.38,3,0.2,1061.57,144414
US-2017-115609,11/2/2017,11/7/2017,Standard Class,CS-12505,OFF-AP-10003040,168.1,5,0,43.71,115609
CA-2015-154291,7/25/2015,7/29/2015,Standard Class,YS-21880,OFF-EN-10001335,98.46,9,0,49.23,154291
CA-2015-154291,7/25/2015,7/29/2015,Standard Class,YS-21880,FUR-TA-10002041,358.58,2,0,39.44,154291
CA-2016-118689,10/2/2016,10/9/2016,Standard Class,TC-20980,OFF-ST-10001558,32.48,2,0,4.87,118689
CA-2016-118689,10/2/2016,10/9/2016,Standard Class,TC-20980,TEC-CO-10004722,17499.95,5,0,8399.98,118689
CA-2016-118689,10/2/2016,10/9/2016,Standard Class,TC-20980,OFF-BI-10003712,34.37,7,0,16.84,118689
CA-2016-153101,9/8/2016,9/8/2016,Same Day,PJ-19015,FUR-TA-10003008,146.04,1,0.2,-12.78,153101
CA-2016-142615,11/20/2016,11/24/2016,Standard Class,BM-11575,TEC-AC-10004803,27.88,2,0,3.9,142615
CA-2017-142643,10/15/2017,10/20/2017,Standard Class,DL-13495,OFF-LA-10003510,152.65,5,0,70.22,142643
CA-2017-107517,2/5/2017,2/9/2017,Standard Class,FC-14335,TEC-PH-10003505,371.2,5,0.2,41.76,107517
CA-2015-166338,12/6/2015,12/7/2015,First Class,MP-18175,OFF-BI-10002852,14.83,3,0.7,-10.38,166338
CA-2016-123946,9/12/2016,9/17/2016,Standard Class,AJ-10795,OFF-ST-10000419,67.9,5,0,0.68,123946
CA-2016-123946,9/12/2016,9/17/2016,Standard Class,AJ-10795,FUR-CH-10002073,1059.12,4,0,307.14,123946
US-2016-159093,5/9/2016,5/14/2016,Standard Class,RS-19420,OFF-PA-10001260,32.04,4,0,14.42,159093
US-2016-100461,1/8/2016,1/12/2016,Standard Class,JO-15145,FUR-BO-10002545,1565.88,6,0,407.13,100461
US-2016-100461,1/8/2016,1/12/2016,Standard Class,JO-15145,OFF-BI-10001460,106.05,7,0,49.84,100461
US-2017-162670,12/23/2017,12/28/2017,Second Class,MF-18250,OFF-ST-10001328,62.04,4,0,17.37,162670
US-2017-162670,12/23/2017,12/28/2017,Second Class,MF-18250,TEC-PH-10003601,494.97,3,0,148.49,162670
US-2017-162670,12/23/2017,12/28/2017,Second Class,MF-18250,OFF-ST-10001522,367.96,4,0,14.72,162670
US-2017-162670,12/23/2017,12/28/2017,Second Class,MF-18250,OFF-PA-10001994,44.96,2,0,20.68,162670
CA-2017-128965,4/17/2017,4/22/2017,Standard Class,PS-18760,OFF-PA-10004911,28.14,3,0,13.51,128965
CA-2017-128965,4/17/2017,4/22/2017,Standard Class,PS-18760,TEC-AC-10001383,274.89,11,0,46.73,128965
US-2016-126452,8/21/2016,8/28/2016,Standard Class,SC-20230,FUR-TA-10003569,2887.06,9,0.2,180.44,126452
US-2015-123918,10/15/2015,10/15/2015,Same Day,CG-12520,FUR-FU-10004952,131.38,6,0.6,-95.25,123918
CA-2015-137113,12/1/2015,12/5/2015,Second Class,TW-21025,FUR-TA-10001705,1913.4,9,0,401.81,137113
CA-2015-120677,5/31/2015,6/4/2015,Standard Class,BD-11320,FUR-CH-10002320,2567.84,8,0,770.35,120677
CA-2017-123036,9/10/2017,9/17/2017,Standard Class,HA-14905,TEC-AC-10003499,37.06,4,0.2,8.8,123036
CA-2017-123036,9/10/2017,9/17/2017,Standard Class,HA-14905,TEC-PH-10003580,259.9,2,0.4,-56.31,123036
CA-2017-120222,4/25/2017,5/2/2017,Standard Class,LL-16840,OFF-BI-10000666,73.34,3,0.2,27.5,120222
CA-2017-164756,9/18/2017,9/22/2017,Standard Class,SS-20140,TEC-PH-10001552,95.68,8,0,26.79,164756
CA-2017-164756,9/18/2017,9/22/2017,Standard Class,SS-20140,TEC-PH-10002447,411.98,2,0,119.47,164756
CA-2017-164756,9/18/2017,9/22/2017,Standard Class,SS-20140,OFF-SU-10004261,34.48,2,0,10,164756
CA-2017-122028,8/18/2017,8/25/2017,Standard Class,CK-12205,OFF-BI-10004817,10.78,3,0.7,-7.91,122028
US-2015-165512,5/24/2015,5/26/2015,Second Class,VS-21820,FUR-CH-10002880,602.65,7,0.3,-163.58,165512
CA-2015-140557,9/7/2015,9/11/2015,Standard Class,TN-21040,TEC-AC-10002402,559.93,7,0,167.98,140557
US-2017-135013,7/24/2017,7/24/2017,Same Day,HR-14830,TEC-CO-10001449,2399.96,5,0.2,839.99,135013
CA-2017-111220,9/2/2017,9/8/2017,Standard Class,JS-15595,OFF-FA-10002280,16,4,0.2,5.6,111220
CA-2017-111220,9/2/2017,9/8/2017,Standard Class,JS-15595,OFF-AP-10003278,5.59,2,0.8,-15.09,111220
CA-2017-111220,9/2/2017,9/8/2017,Standard Class,JS-15595,OFF-ST-10003994,235.92,5,0.2,-44.24,111220
US-2017-115301,7/29/2017,8/2/2017,Standard Class,VG-21790,FUR-BO-10004709,115.96,2,0,25.51,115301
CA-2017-168942,8/1/2017,8/5/2017,Second Class,EM-13960,OFF-ST-10004340,186.54,3,0,50.37,168942
US-2017-128398,5/2/2017,5/5/2017,Second Class,EM-13825,TEC-AC-10001714,159.56,4,0,59.04,128398
CA-2014-142510,12/22/2014,12/29/2014,Standard Class,NP-18700,OFF-ST-10000585,132.16,1,0.2,9.91,142510
CA-2014-142510,12/22/2014,12/29/2014,Standard Class,NP-18700,OFF-PA-10001289,124.03,4,0.2,44.96,142510
CA-2014-124247,12/16/2014,12/21/2014,Standard Class,SH-20635,FUR-CH-10001854,1403.92,5,0.2,70.2,124247
CA-2017-121706,2/26/2017,3/2/2017,Standard Class,BM-11140,OFF-AP-10003287,356.79,7,0,99.9,121706
CA-2017-109211,4/4/2017,4/10/2017,Standard Class,PS-19045,OFF-EN-10001532,16.98,1,0,8.49,109211
CA-2015-134257,3/16/2015,3/19/2015,Second Class,MS-17710,OFF-LA-10003930,491.55,5,0,240.86,134257
CA-2015-137925,11/30/2015,12/4/2015,Standard Class,JL-15235,OFF-PA-10002659,23.66,7,0,10.88,137925
CA-2016-140382,6/23/2016,6/25/2016,Second Class,RD-19900,OFF-ST-10003638,93.68,4,0,25.29,140382
CA-2016-140382,6/23/2016,6/25/2016,Second Class,RD-19900,TEC-PH-10003012,862.34,7,0.2,97.01,140382
CA-2014-164182,7/14/2014,7/18/2014,Standard Class,ST-20530,TEC-PH-10002070,13.49,1,0.4,-2.25,164182
CA-2014-164182,7/14/2014,7/18/2014,Standard Class,ST-20530,OFF-AR-10001044,41.58,2,0.2,4.68,164182
CA-2016-129847,9/2/2016,9/4/2016,First Class,TA-21385,FUR-FU-10000277,84.27,2,0.6,-75.84,129847
CA-2014-126963,6/15/2014,6/15/2014,Same Day,PS-18760,OFF-PA-10001952,36.54,2,0.2,11.88,126963
CA-2016-125094,11/5/2016,11/9/2016,Standard Class,NP-18700,TEC-AC-10004420,479.72,4,0,52.77,125094
CA-2017-107132,6/26/2017,6/30/2017,Standard Class,SC-20260,OFF-BI-10001071,102.37,2,0.2,37.11,107132
CA-2017-107132,6/26/2017,6/30/2017,Standard Class,SC-20260,OFF-ST-10001490,713.88,4,0,214.16,107132
CA-2015-139248,7/25/2015,7/30/2015,Standard Class,RD-19930,TEC-PH-10004094,623.96,5,0.2,39,139248
CA-2015-126466,11/9/2015,11/13/2015,Standard Class,JO-15550,OFF-FA-10000490,2.48,2,0,1.17,126466
CA-2017-143021,11/19/2017,11/19/2017,Same Day,AP-10720,OFF-BI-10001628,58.41,7,0.2,18.25,143021
CA-2015-129917,10/2/2015,10/3/2015,First Class,HM-14980,OFF-BI-10004828,53.57,4,0.2,19.42,129917
CA-2015-115420,4/25/2015,5/2/2015,Standard Class,LS-16945,OFF-EN-10003862,21.34,2,0,9.82,115420
CA-2015-167255,9/27/2015,9/29/2015,Second Class,RH-19510,OFF-ST-10001328,15.51,1,0,4.34,167255
CA-2017-162096,11/10/2017,11/10/2017,Same Day,TB-21190,OFF-AR-10002221,7.8,3,0,2.11,162096
CA-2016-157161,7/16/2016,7/20/2016,Second Class,JD-15895,OFF-EN-10001509,10.2,5,0,4.79,157161
CA-2016-157161,7/16/2016,7/20/2016,Second Class,JD-15895,OFF-AR-10003338,22.32,3,0,5.58,157161
CA-2016-157161,7/16/2016,7/20/2016,Second Class,JD-15895,TEC-AC-10000358,75.98,2,0,18.24,157161
CA-2016-157161,7/16/2016,7/20/2016,Second Class,JD-15895,OFF-BI-10002764,6.46,2,0,3.17,157161
CA-2015-110765,10/16/2015,10/20/2015,Second Class,MP-17965,TEC-PH-10004165,824.97,3,0,214.49,110765
CA-2017-153822,9/19/2017,9/25/2017,Standard Class,AB-10105,OFF-BI-10001460,18.18,4,0.7,-13.94,153822
CA-2015-112144,6/28/2015,7/2/2015,Standard Class,CY-12745,FUR-FU-10004306,621.76,4,0.2,46.63,112144
CA-2017-155159,11/25/2017,11/29/2017,Second Class,DL-13315,OFF-PA-10003724,48.87,9,0,23.95,155159
CA-2014-146990,11/7/2014,11/8/2014,First Class,BP-11095,OFF-FA-10000611,5.92,4,0,2.84,146990
CA-2014-146990,11/7/2014,11/8/2014,First Class,BP-11095,OFF-PA-10000246,30.18,3,0,13.88,146990
CA-2016-116526,9/1/2016,9/5/2016,Standard Class,JA-15970,TEC-PH-10002365,8.78,1,0,2.28,116526
CA-2016-116526,9/1/2016,9/5/2016,Standard Class,JA-15970,OFF-AP-10002457,376.74,4,0.1,71.16,116526
CA-2017-165099,12/11/2017,12/13/2017,First Class,DK-13375,OFF-AP-10001634,1.39,2,0.8,-3.76,165099
CA-2015-109386,11/8/2015,11/13/2015,Second Class,RH-19600,OFF-AP-10003266,44.43,3,0,18.66,109386
CA-2015-109386,11/8/2015,11/13/2015,Second Class,RH-19600,TEC-PH-10002890,226.2,5,0,58.81,109386
CA-2015-109386,11/8/2015,11/13/2015,Second Class,RH-19600,OFF-AR-10000122,27.9,5,0,6.98,109386
CA-2015-166800,11/19/2015,11/26/2015,Standard Class,AG-10300,OFF-AP-10004868,31.08,4,0,8.39,166800
CA-2017-117443,12/23/2017,12/25/2017,Second Class,JB-15400,OFF-BI-10004002,13.84,4,0.8,-22.14,117443
CA-2017-117443,12/23/2017,12/25/2017,Second Class,JB-15400,OFF-PA-10004475,175.87,4,0.2,63.75,117443
CA-2017-123687,5/26/2017,5/29/2017,First Class,KC-16675,OFF-AP-10002670,208.44,3,0,62.53,123687
CA-2017-123687,5/26/2017,5/29/2017,First Class,KC-16675,OFF-SU-10004498,25.76,2,0,0.77,123687
CA-2015-104871,3/30/2015,4/3/2015,Standard Class,DR-12940,FUR-CH-10003298,366.74,4,0.3,-110.02,104871
CA-2014-133158,8/19/2014,8/21/2014,Second Class,DW-13195,FUR-FU-10000723,289.24,7,0,26.03,133158
CA-2015-141740,11/1/2015,11/5/2015,Standard Class,JF-15490,FUR-CH-10001545,205.16,2,0.1,13.68,141740
CA-2015-154823,8/21/2015,8/25/2015,Standard Class,KN-16390,FUR-CH-10003379,598.46,3,0.3,-42.75,154823
CA-2017-141201,12/9/2017,12/11/2017,Second Class,DB-12910,FUR-BO-10001519,148.26,3,0.15,15.7,141201
CA-2014-114790,3/11/2014,3/13/2014,Second Class,FM-14215,OFF-AP-10002578,146.76,3,0,38.16,114790
CA-2014-124737,8/23/2014,8/27/2014,Standard Class,AP-10915,OFF-SU-10004661,6.8,1,0.2,0.51,124737
CA-2014-124737,8/23/2014,8/27/2014,Standard Class,AP-10915,TEC-PH-10000149,143.64,9,0.2,10.77,124737
US-2017-101840,2/6/2017,2/12/2017,Standard Class,SP-20545,TEC-PH-10002538,227.46,6,0,65.96,101840
US-2017-101840,2/6/2017,2/12/2017,Standard Class,SP-20545,OFF-BI-10000279,46.24,4,0.2,15.61,101840
CA-2016-145548,11/11/2016,11/16/2016,Standard Class,EB-13750,FUR-CH-10003774,245.65,3,0.1,8.19,145548
CA-2016-145548,11/11/2016,11/16/2016,Standard Class,EB-13750,OFF-BI-10001510,55.01,3,0.2,17.19,145548
CA-2017-119494,11/9/2017,11/13/2017,Standard Class,JE-15610,FUR-CH-10004675,523.39,3,0.2,52.34,119494
US-2017-165358,7/18/2017,7/23/2017,Standard Class,SV-20365,FUR-CH-10002647,198.74,4,0.3,-14.2,165358
CA-2016-160136,11/3/2016,11/9/2016,Standard Class,PJ-18835,OFF-PA-10002160,9.25,2,0.2,3.35,160136
CA-2014-150581,4/8/2014,4/12/2014,Standard Class,NM-18445,FUR-TA-10003748,99.59,1,0.2,2.49,150581
CA-2014-141355,9/25/2014,9/30/2014,Standard Class,BF-11005,OFF-AR-10003179,14.58,2,0.2,2.37,141355
CA-2016-165330,12/11/2016,12/11/2016,Same Day,WB-21850,OFF-BI-10004593,209.6,5,0.2,68.12,165330
CA-2016-165330,12/11/2016,12/11/2016,Same Day,WB-21850,OFF-PA-10000241,30.98,1,0,13.94,165330
CA-2016-165330,12/11/2016,12/11/2016,Same Day,WB-21850,OFF-BI-10004001,122.69,9,0.2,39.87,165330
CA-2016-165330,12/11/2016,12/11/2016,Same Day,WB-21850,FUR-TA-10004619,892.14,7,0.2,111.52,165330
CA-2016-165330,12/11/2016,12/11/2016,Same Day,WB-21850,OFF-ST-10000636,50.22,3,0,2.01,165330
CA-2016-165330,12/11/2016,12/11/2016,Same Day,WB-21850,OFF-AP-10001469,83.42,2,0,24.19,165330
CA-2016-165330,12/11/2016,12/11/2016,Same Day,WB-21850,OFF-BI-10002897,5.87,2,0.2,2.13,165330
CA-2015-132633,2/3/2015,2/5/2015,Second Class,KH-16630,OFF-BI-10002432,12.14,3,0.2,4.1,132633
CA-2016-157742,12/29/2016,12/31/2016,Second Class,KL-16645,OFF-EN-10002592,27.79,3,0.2,10.42,157742
CA-2017-169474,2/4/2017,2/9/2017,Standard Class,JF-15355,OFF-AP-10003971,32.67,3,0,8.49,169474
CA-2014-106726,12/6/2014,12/8/2014,First Class,RS-19765,OFF-ST-10001496,1261.33,7,0,327.95,106726
CA-2016-114209,5/21/2016,5/26/2016,Standard Class,AS-10285,OFF-PA-10003591,82.66,9,0.2,31,114209
CA-2016-112256,7/23/2016,7/28/2016,Standard Class,CK-12205,OFF-AR-10001953,175.92,5,0.2,15.39,112256
CA-2016-106950,9/2/2016,9/6/2016,Standard Class,JE-15715,OFF-BI-10000014,22.91,7,0.7,-17.57,106950
CA-2016-106950,9/2/2016,9/6/2016,Standard Class,JE-15715,OFF-AP-10000159,309.46,9,0.2,34.81,106950
CA-2016-106950,9/2/2016,9/6/2016,Standard Class,JE-15715,FUR-TA-10001768,472.52,3,0.4,-149.63,106950
CA-2016-106950,9/2/2016,9/6/2016,Standard Class,JE-15715,TEC-AC-10002049,1012.68,3,0.2,303.8,106950
CA-2017-118724,7/21/2017,7/25/2017,Second Class,AR-10825,TEC-PH-10002549,1626.19,9,0.2,121.96,118724
CA-2017-112004,9/25/2017,9/28/2017,First Class,AH-10075,OFF-BI-10003476,8.6,5,0.7,-6.3,112004
CA-2017-112004,9/25/2017,9/28/2017,First Class,AH-10075,OFF-SU-10000157,190.9,2,0.2,-42.95,112004
CA-2015-119480,1/9/2015,1/13/2015,Standard Class,CC-12685,OFF-AP-10001205,163.44,3,0,45.76,119480
CA-2016-101980,8/19/2016,8/20/2016,First Class,RP-19390,OFF-BI-10000666,146.69,6,0.2,55.01,101980
CA-2016-101980,8/19/2016,8/20/2016,First Class,RP-19390,OFF-BI-10004318,276.78,2,0.2,89.95,101980
CA-2017-144596,11/6/2017,11/10/2017,Standard Class,CD-11980,OFF-PA-10003302,318.96,9,0,149.91,144596
CA-2017-147410,9/4/2017,9/8/2017,Standard Class,EJ-14155,OFF-ST-10003805,421.1,2,0,105.28,147410
CA-2017-128944,6/19/2017,6/21/2017,Second Class,KH-16330,FUR-CH-10000785,760.12,6,0.3,-43.44,128944
CA-2017-128944,6/19/2017,6/21/2017,Second Class,KH-16330,FUR-FU-10004909,38.78,3,0.2,7.27,128944
CA-2016-109666,4/19/2016,4/26/2016,Standard Class,KM-16720,OFF-ST-10000991,459.88,4,0,13.8,109666
CA-2016-109666,4/19/2016,4/26/2016,Standard Class,KM-16720,OFF-BI-10000174,9.28,2,0.2,3.25,109666
US-2016-102239,5/5/2016,5/6/2016,First Class,LW-16990,FUR-TA-10003392,1685.88,6,0,320.32,102239
US-2014-147774,1/20/2014,1/26/2014,Standard Class,MM-18280,OFF-BI-10003091,67.19,1,0.7,-51.52,147774
CA-2015-128013,8/9/2015,8/16/2015,Standard Class,MF-18250,FUR-FU-10000320,10.02,3,0,4.41,128013
CA-2016-123176,9/27/2016,9/29/2016,Second Class,JG-15160,OFF-AR-10004685,13.89,3,0,4.58,123176
US-2016-117541,11/14/2016,11/20/2016,Standard Class,JM-16195,OFF-PA-10001609,16.45,5,0,7.57,117541
CA-2016-166282,4/16/2016,4/22/2016,Standard Class,PK-19075,OFF-PA-10003022,123.09,7,0.2,40,166282
CA-2017-141439,11/26/2017,12/1/2017,Standard Class,TT-21460,FUR-TA-10001039,257.94,3,0,67.06,141439
CA-2017-141439,11/26/2017,12/1/2017,Standard Class,TT-21460,FUR-CH-10004287,828.6,3,0,240.29,141439
CA-2015-163965,11/20/2015,11/27/2015,Standard Class,SS-20875,OFF-ST-10000918,17.44,2,0.2,1.31,163965
CA-2015-163965,11/20/2015,11/27/2015,Standard Class,SS-20875,OFF-BI-10004593,62.88,4,0.7,-50.3,163965
CA-2015-163965,11/20/2015,11/27/2015,Standard Class,SS-20875,FUR-BO-10001337,290.35,3,0.2,-36.29,163965
CA-2017-128783,9/7/2017,9/7/2017,Same Day,TG-21640,FUR-FU-10003623,135.3,5,0,37.88,128783
CA-2014-122217,11/24/2014,11/29/2014,Standard Class,HP-14815,FUR-FU-10002045,111.15,5,0,48.91,122217
US-2017-141558,3/11/2017,3/16/2017,Standard Class,MH-17290,TEC-PH-10002555,776.85,5,0.4,-181.26,141558
US-2017-141558,3/11/2017,3/16/2017,Standard Class,MH-17290,OFF-ST-10004946,43.28,1,0.2,3.25,141558
CA-2016-139941,6/12/2016,6/17/2016,Standard Class,CB-12415,OFF-AP-10004036,52.56,3,0,18.4,139941
CA-2015-166583,6/26/2015,6/30/2015,Standard Class,VD-21670,TEC-PH-10001578,971.88,3,0.2,109.34,166583
CA-2017-142909,12/22/2017,12/25/2017,Second Class,AG-10330,FUR-TA-10003008,182.55,2,0.5,-135.09,142909
CA-2015-106208,12/10/2015,12/15/2015,Standard Class,JW-16075,OFF-AP-10004980,53.09,7,0.8,-108.83,106208
US-2015-136749,12/25/2015,12/27/2015,Second Class,LH-16900,FUR-FU-10000747,275.88,6,0,46.9,136749
US-2015-136749,12/25/2015,12/27/2015,Second Class,LH-16900,OFF-BI-10004492,157.9,5,0,74.21,136749
CA-2014-138709,7/4/2014,7/9/2014,Standard Class,MS-17770,OFF-BI-10000145,15.6,5,0,7.64,138709
CA-2014-122070,4/22/2014,4/24/2014,Second Class,AH-10030,OFF-EN-10004773,247.84,8,0,121.44,122070
CA-2014-117464,7/22/2014,7/24/2014,Second Class,NP-18325,FUR-CH-10000155,717.72,3,0.2,71.77,117464
CA-2014-117464,7/22/2014,7/24/2014,Second Class,NP-18325,OFF-ST-10003058,236.5,10,0,68.58,117464
US-2017-141677,3/26/2017,3/30/2017,Standard Class,HK-14890,OFF-ST-10000344,32.23,3,0.2,2.42,141677
CA-2017-133067,5/4/2017,5/10/2017,Standard Class,MY-18295,OFF-BI-10002897,2.2,2,0.7,-1.54,133067
CA-2017-133067,5/4/2017,5/10/2017,Standard Class,MY-18295,OFF-BI-10003694,9.4,3,0.7,-7.52,133067
CA-2014-106054,1/6/2014,1/7/2014,First Class,JO-15145,OFF-AR-10002399,12.78,3,0,5.24,106054
CA-2016-138667,12/27/2016,12/30/2016,Second Class,MW-18220,TEC-AC-10003063,40,2,0.2,0.5,138667
CA-2017-150609,4/30/2017,5/4/2017,Standard Class,NZ-18565,OFF-BI-10002071,23.24,5,0.2,7.55,150609
CA-2017-128853,4/21/2017,4/23/2017,First Class,JM-15250,FUR-CH-10004218,908.82,9,0,227.2,128853
CA-2017-133102,8/17/2017,8/24/2017,Standard Class,ED-13885,OFF-SU-10000432,5.55,2,0.2,-1.04,133102
CA-2017-133102,8/17/2017,8/24/2017,Standard Class,ED-13885,FUR-CH-10002017,74.59,4,0.3,-2.13,133102
CA-2016-164399,11/12/2016,11/15/2016,First Class,DW-13480,TEC-PH-10004908,203.98,3,0.2,25.5,164399
CA-2016-116918,10/1/2016,10/6/2016,Second Class,JK-15205,OFF-BI-10004140,5.39,4,0.7,-4.49,116918
CA-2016-116918,10/1/2016,10/6/2016,Second Class,JK-15205,OFF-AR-10003631,30.98,8,0.2,5.03,116918
CA-2016-110492,2/12/2016,2/14/2016,First Class,JS-15880,OFF-ST-10003716,1350.12,6,0,175.52,110492
CA-2016-147683,11/13/2016,11/17/2016,Standard Class,PO-19180,FUR-FU-10004848,19.54,2,0,7.23,147683
US-2015-156797,8/11/2015,8/15/2015,Standard Class,PO-19180,TEC-PH-10004614,138,2,0,34.5,156797
CA-2016-104276,11/27/2016,12/3/2016,Standard Class,HF-14995,TEC-PH-10001944,116.76,1,0.2,14.6,104276
CA-2016-104276,11/27/2016,12/3/2016,Standard Class,HF-14995,FUR-TA-10001039,331.02,7,0.45,-114.35,104276
CA-2016-120369,10/28/2016,10/28/2016,Same Day,VB-21745,FUR-FU-10003806,756.8,5,0,75.68,120369
CA-2017-137414,10/2/2017,10/6/2017,Standard Class,CM-12115,TEC-MA-10002930,369.16,11,0.2,32.3,137414
US-2016-119046,6/2/2016,6/6/2016,Standard Class,EH-13765,OFF-BI-10001078,51.65,12,0.2,18.72,119046
CA-2015-150770,5/3/2015,5/6/2015,First Class,LC-16870,OFF-BI-10002026,62.5,2,0.2,21.87,150770
CA-2017-154760,1/9/2017,1/13/2017,Standard Class,BP-11290,OFF-BI-10004632,274.49,3,0.7,-228.74,154760
US-2017-104437,1/27/2017,1/31/2017,Standard Class,TG-21310,TEC-PH-10000193,137.94,3,0,35.86,104437
CA-2016-109953,7/14/2016,7/18/2016,Standard Class,RB-19360,OFF-AP-10002998,151.62,7,0,50.03,109953
CA-2016-109953,7/14/2016,7/18/2016,Standard Class,RB-19360,FUR-FU-10000073,30.8,4,0,10.16,109953
CA-2017-127397,2/24/2017,2/28/2017,Standard Class,ES-14080,TEC-AC-10003033,1319.8,5,0.2,214.47,127397
CA-2014-157546,7/20/2014,7/22/2014,First Class,RD-19720,OFF-BI-10002498,89.71,6,0.2,30.28,157546
CA-2014-157546,7/20/2014,7/22/2014,First Class,RD-19720,OFF-PA-10004569,22.83,3,0,10.73,157546
CA-2016-137337,3/8/2016,3/12/2016,Standard Class,GB-14575,FUR-FU-10003347,113.6,8,0,44.3,137337
CA-2016-164924,7/10/2016,7/10/2016,Same Day,EA-14035,TEC-MA-10000904,341.99,3,0.7,-319.19,164924
CA-2017-136651,4/23/2017,4/25/2017,Second Class,JF-15355,OFF-BI-10003638,92.88,6,0.2,30.19,136651
CA-2017-136651,4/23/2017,4/25/2017,Second Class,JF-15355,FUR-FU-10004864,24.14,2,0,7.97,136651
CA-2017-118892,8/17/2017,8/22/2017,Second Class,TP-21415,FUR-CH-10002024,4416.17,9,0.3,-630.88,118892
US-2017-151127,5/22/2017,5/25/2017,First Class,RL-19615,OFF-AR-10002445,49.56,7,0,18.83,151127
US-2014-127978,3/3/2014,3/8/2014,Standard Class,JS-15595,FUR-BO-10001972,302.45,5,0.5,-199.62,127978
US-2014-127978,3/3/2014,3/8/2014,Standard Class,JS-15595,OFF-ST-10002486,44.67,8,0.2,-10.05,127978
CA-2015-158491,6/4/2015,6/9/2015,Second Class,BP-11155,TEC-AC-10003870,989.97,3,0,395.99,158491
CA-2016-152730,5/30/2016,6/4/2016,Standard Class,EM-14140,OFF-AP-10002684,364.74,3,0,109.42,152730
CA-2016-152730,5/30/2016,6/4/2016,Standard Class,EM-14140,OFF-ST-10000876,49.76,4,0,13.93,152730
CA-2016-152730,5/30/2016,6/4/2016,Standard Class,EM-14140,TEC-PH-10000441,125.99,1,0,35.28,152730
CA-2017-122987,8/16/2017,8/16/2017,Same Day,SJ-20215,OFF-BI-10002824,13.43,3,0.7,-11.19,122987
CA-2016-133368,1/14/2016,1/20/2016,Standard Class,AG-10675,FUR-FU-10003374,315.78,8,0.2,31.58,133368
CA-2016-123337,9/16/2016,9/22/2016,Standard Class,KD-16495,FUR-BO-10001918,273.67,2,0.15,-12.88,123337
US-2016-150357,10/10/2016,10/14/2016,Standard Class,EB-13975,OFF-SU-10004498,20.61,2,0.2,-4.38,150357
US-2016-150357,10/10/2016,10/14/2016,Standard Class,EB-13975,OFF-BI-10002557,4.1,3,0.7,-2.73,150357
CA-2015-144519,11/13/2015,11/17/2015,Standard Class,AW-10930,FUR-FU-10000794,63.98,7,0,21.75,144519
CA-2014-120670,11/2/2014,11/6/2014,Standard Class,JK-16120,TEC-AC-10004171,799.92,10,0.2,239.98,120670
CA-2016-157217,7/19/2016,7/21/2016,First Class,TC-21535,TEC-PH-10002070,35.98,2,0.2,4.5,157217
CA-2016-108224,5/14/2016,5/14/2016,Same Day,TH-21235,TEC-AC-10003832,185.53,7,0.2,48.7,108224
CA-2015-162782,2/21/2015,2/27/2015,Standard Class,PW-19240,OFF-BI-10003527,2541.98,2,0,1270.99,162782
CA-2017-159282,10/16/2017,10/21/2017,Standard Class,GH-14410,TEC-MA-10001148,599.98,5,0.7,-479.99,159282
CA-2017-151183,10/14/2017,10/19/2017,Standard Class,BK-11260,TEC-AC-10003614,46.36,4,0,15.3,151183
CA-2014-158281,9/2/2014,9/7/2014,Standard Class,AG-10525,TEC-MA-10002210,559.71,3,0.4,-121.27,158281
CA-2016-153661,1/30/2016,1/31/2016,First Class,SC-20725,OFF-BI-10004781,50.78,2,0.2,17.77,153661
CA-2016-153661,1/30/2016,1/31/2016,First Class,SC-20725,OFF-LA-10004689,26.01,9,0,12.22,153661
CA-2017-109183,12/4/2017,12/9/2017,Standard Class,LR-16915,TEC-MA-10001856,649,2,0.5,-272.58,109183
CA-2016-113656,1/23/2016,1/29/2016,Standard Class,CB-12415,FUR-FU-10000719,59.99,7,0,21.6,113656
CA-2015-148964,5/26/2015,5/31/2015,Standard Class,RD-19900,FUR-FU-10003849,20.24,1,0,7.89,148964
CA-2014-111899,5/4/2014,5/5/2014,First Class,NC-18340,OFF-AR-10001725,37.84,2,0.2,2.84,111899
CA-2015-101126,2/10/2015,2/14/2015,Second Class,NB-18655,OFF-ST-10000943,77.24,5,0.2,7.72,101126
CA-2014-163468,11/18/2014,11/21/2014,First Class,JK-15730,FUR-TA-10002533,292.1,4,0.5,-175.26,163468
CA-2014-163468,11/18/2014,11/21/2014,First Class,JK-15730,FUR-BO-10003546,424.12,6,0.3,-30.29,163468
CA-2014-163468,11/18/2014,11/21/2014,First Class,JK-15730,OFF-BI-10004728,2.89,3,0.8,-4.92,163468
CA-2014-163468,11/18/2014,11/21/2014,First Class,JK-15730,OFF-ST-10000025,381.72,5,0.2,-66.8,163468
CA-2014-137274,3/29/2014,4/2/2014,Standard Class,MG-18145,FUR-TA-10001889,890.84,3,0.3,-152.72,137274
CA-2017-112172,6/10/2017,6/14/2017,Second Class,MM-18280,OFF-FA-10004395,14.13,3,0,0.71,112172
CA-2015-121699,8/10/2015,8/14/2015,Standard Class,BD-11320,OFF-BI-10004632,64.75,5,0,29.14,121699
CA-2015-162761,10/9/2015,10/13/2015,Standard Class,SC-20575,OFF-BI-10002498,11.21,2,0.7,-8.6,162761
CA-2016-121377,5/28/2016,6/2/2016,Standard Class,TN-21040,TEC-PH-10001817,286.4,1,0.2,25.06,121377
CA-2016-132066,10/16/2016,10/20/2016,Standard Class,NB-18655,FUR-TA-10001539,142.18,1,0.4,-37.92,132066
CA-2017-158120,11/17/2017,11/21/2017,Standard Class,KH-16330,OFF-PA-10003205,19.61,3,0.2,6.62,158120
CA-2017-158120,11/17/2017,11/21/2017,Standard Class,KH-16330,OFF-BI-10002813,4.16,7,0.7,-3.46,158120
US-2017-128447,11/10/2017,11/17/2017,Standard Class,MC-17845,OFF-AP-10004540,400.8,5,0,112.22,128447
US-2017-128447,11/10/2017,11/17/2017,Standard Class,MC-17845,OFF-BI-10001543,28.79,1,0.2,10.08,128447
US-2014-131275,3/18/2014,3/24/2014,Standard Class,SC-20050,FUR-FU-10004597,111,2,0,14.43,131275
US-2014-131275,3/18/2014,3/24/2014,Standard Class,SC-20050,TEC-MA-10001148,1279.97,4,0.2,415.99,131275
US-2014-131275,3/18/2014,3/24/2014,Standard Class,SC-20050,OFF-ST-10000078,1856.19,7,0,334.11,131275
CA-2016-149349,11/12/2016,11/13/2016,First Class,SP-20650,FUR-FU-10001037,22.75,6,0.6,-8.53,149349
CA-2017-115119,10/26/2017,10/30/2017,Standard Class,SC-20440,TEC-PH-10001433,61.54,1,0.4,-13.33,115119
CA-2017-115119,10/26/2017,10/30/2017,Standard Class,SC-20440,OFF-BI-10003007,81.44,7,0.7,-65.15,115119
CA-2015-125563,4/11/2015,4/17/2015,Standard Class,PR-18880,FUR-FU-10001290,67.36,2,0.2,10.1,125563
CA-2015-125563,4/11/2015,4/17/2015,Standard Class,PR-18880,FUR-FU-10000087,54.53,3,0.2,14.31,125563
CA-2015-113152,12/25/2015,12/30/2015,Standard Class,JK-15625,FUR-BO-10002613,449.57,2,0.2,56.2,113152
CA-2014-163412,12/20/2014,12/23/2014,Second Class,SM-20950,FUR-CH-10004875,192.19,3,0.1,36.3,163412
CA-2014-116190,7/26/2014,8/1/2014,Standard Class,SG-20470,FUR-CH-10000553,67.88,2,0,18.33,116190
CA-2014-116190,7/26/2014,8/1/2014,Standard Class,SG-20470,OFF-LA-10002762,162.89,13,0,76.56,116190
CA-2017-168389,12/11/2017,12/17/2017,Standard Class,DV-13045,FUR-TA-10004289,721.88,6,0.45,-420,168389
CA-2017-168389,12/11/2017,12/17/2017,Standard Class,DV-13045,TEC-PH-10003555,73.57,4,0.2,-16.55,168389
CA-2017-168389,12/11/2017,12/17/2017,Standard Class,DV-13045,OFF-AR-10001958,13.58,1,0.2,1.36,168389
CA-2014-130421,3/3/2014,3/7/2014,Standard Class,SC-20020,OFF-AP-10002534,176.77,3,0.8,-459.61,130421
CA-2017-142125,10/21/2017,10/27/2017,Standard Class,JB-15400,OFF-BI-10003460,21.9,5,0,10.51,142125
CA-2017-152135,3/16/2017,3/18/2017,Second Class,MG-17650,TEC-PH-10003505,445.44,8,0.4,-81.66,152135
CA-2015-139780,12/31/2015,1/2/2016,Second Class,AH-10690,OFF-BI-10004139,116.4,8,0,52.38,139780
CA-2016-114748,10/9/2016,10/14/2016,Standard Class,MZ-17335,OFF-AR-10001315,1.41,1,0.2,0.16,114748
CA-2016-114748,10/9/2016,10/14/2016,Standard Class,MZ-17335,FUR-FU-10001488,169.57,2,0.2,0,114748
US-2014-115189,12/30/2014,1/3/2015,Second Class,AR-10345,TEC-PH-10002170,251.96,6,0.4,-50.39,115189
CA-2016-163594,4/12/2016,4/14/2016,First Class,JF-15295,FUR-CH-10000225,194.35,3,0.2,-36.44,163594
CA-2016-127243,11/28/2016,12/4/2016,Standard Class,DS-13180,TEC-PH-10004539,340.18,3,0.4,-73.71,127243
CA-2016-127243,11/28/2016,12/4/2016,Standard Class,DS-13180,OFF-BI-10003166,6.89,2,0.7,-5.05,127243
CA-2017-161851,4/15/2017,4/17/2017,First Class,BP-11095,OFF-BI-10004654,15.57,3,0.7,-11.94,161851
US-2017-123862,1/7/2017,1/9/2017,Second Class,JF-15190,OFF-ST-10000760,153.78,11,0,44.6,123862
US-2017-123862,1/7/2017,1/9/2017,Second Class,JF-15190,OFF-ST-10002301,61.02,3,0,0.61,123862
US-2017-123862,1/7/2017,1/9/2017,Second Class,JF-15190,OFF-SU-10004884,110.11,7,0,31.93,123862
CA-2017-100580,8/13/2017,8/20/2017,Standard Class,MK-17905,OFF-BI-10000069,36.02,3,0.2,11.71,100580
US-2017-145597,11/2/2017,11/5/2017,First Class,GG-14650,OFF-AR-10001958,54.34,4,0.2,5.43,145597
CA-2016-105732,9/13/2016,9/18/2016,Standard Class,AG-10270,OFF-AP-10001394,378,2,0,136.08,105732
CA-2016-105732,9/13/2016,9/18/2016,Standard Class,AG-10270,FUR-FU-10003664,1336.44,14,0,387.57,105732
CA-2017-108035,11/29/2017,12/3/2017,Standard Class,TT-21070,FUR-CH-10000454,390.37,2,0.2,48.8,108035
CA-2017-108035,11/29/2017,12/3/2017,Standard Class,TT-21070,FUR-FU-10004017,101.52,5,0.2,19.04,108035
CA-2016-110975,12/25/2016,12/30/2016,Standard Class,DB-12970,FUR-CH-10003746,866.65,3,0.1,173.33,110975
CA-2014-141649,9/30/2014,9/30/2014,Same Day,DM-12955,OFF-AP-10003217,795.41,6,0.2,59.66,141649
CA-2014-124807,7/12/2014,7/15/2014,Second Class,ME-17725,OFF-PA-10001526,35.86,9,0.2,13,124807
CA-2014-124807,7/12/2014,7/15/2014,Second Class,ME-17725,TEC-AC-10002857,23.84,4,0.2,3.28,124807
CA-2016-110009,9/8/2016,9/13/2016,Standard Class,TR-21325,OFF-PA-10002615,30.87,7,0,14.2,110009
CA-2015-100146,5/14/2015,5/19/2015,Standard Class,CB-12535,FUR-BO-10004015,509.96,5,0.15,42,100146
CA-2015-100146,5/14/2015,5/19/2015,Standard Class,CB-12535,FUR-FU-10001979,122.91,3,0,34.41,100146
CA-2016-129728,5/30/2016,6/6/2016,Standard Class,JG-15310,FUR-FU-10003247,167.84,8,0,11.75,129728
CA-2014-121769,4/8/2014,4/12/2014,Standard Class,JS-15880,FUR-TA-10004442,172.11,1,0.4,-94.66,121769
CA-2017-121125,5/30/2017,6/3/2017,Standard Class,MG-17890,FUR-FU-10000820,13.59,1,0.2,-0.34,121125
US-2016-114013,3/13/2016,3/15/2016,Second Class,SC-20770,FUR-CH-10004287,386.68,2,0.3,-5.52,114013
US-2016-114013,3/13/2016,3/15/2016,Second Class,SC-20770,TEC-AC-10000474,379.96,5,0.2,47.5,114013
US-2016-114013,3/13/2016,3/15/2016,Second Class,SC-20770,TEC-PH-10001494,539.91,3,0.4,-116.98,114013
US-2016-114013,3/13/2016,3/15/2016,Second Class,SC-20770,OFF-PA-10004996,41.24,5,0.2,13.92,114013
US-2016-114013,3/13/2016,3/15/2016,Second Class,SC-20770,OFF-BI-10004318,51.9,1,0.7,-41.52,114013
US-2016-114013,3/13/2016,3/15/2016,Second Class,SC-20770,OFF-ST-10003641,126.08,2,0.2,-28.37,114013
US-2016-114013,3/13/2016,3/15/2016,Second Class,SC-20770,TEC-MA-10001148,449.1,3,0.7,-643.71,114013
CA-2017-135069,4/10/2017,4/14/2017,Standard Class,BS-11755,OFF-AP-10000026,195.1,4,0.2,21.95,135069
CA-2016-101693,6/25/2016,6/27/2016,Second Class,LC-17140,FUR-CH-10001146,85.25,2,0.3,-6.09,101693
CA-2016-101693,6/25/2016,6/27/2016,Second Class,LC-17140,FUR-FU-10003919,32.71,2,0.6,-26.17,101693
US-2014-164763,3/17/2014,3/21/2014,Standard Class,MH-17440,OFF-BI-10000605,11.43,3,0,5.37,164763
CA-2014-161249,8/9/2014,8/13/2014,Standard Class,RD-19720,OFF-BI-10001097,9.34,5,0.7,-6.54,161249
CA-2015-148180,7/26/2015,7/31/2015,Standard Class,BP-11095,OFF-BI-10003314,23.14,6,0.2,8.39,148180
CA-2015-145457,3/24/2015,3/27/2015,Second Class,CP-12085,FUR-FU-10003832,46.9,5,0,13.13,145457
US-2017-163657,9/2/2017,9/6/2017,Standard Class,JL-15235,FUR-TA-10004607,236.53,2,0.2,-2.96,163657
CA-2014-109932,12/9/2014,12/11/2014,First Class,VP-21760,OFF-ST-10000036,237.1,3,0.2,20.75,109932
CA-2017-127474,2/3/2017,2/7/2017,Second Class,RD-19810,OFF-PA-10001033,65.58,2,0.2,23.77,127474
CA-2017-115448,11/11/2017,11/14/2017,First Class,MH-18025,FUR-FU-10004090,88.92,5,0.2,14.45,115448
CA-2017-105669,9/17/2017,9/22/2017,Second Class,SJ-20125,OFF-BI-10002412,5.8,5,0.8,-10.15,105669
CA-2017-105669,9/17/2017,9/22/2017,Second Class,SJ-20125,TEC-PH-10002415,1415.76,6,0.2,88.48,105669
CA-2015-137974,4/16/2015,4/18/2015,First Class,LL-16840,TEC-PH-10002033,569.64,2,0,148.11,137974
CA-2015-137974,4/16/2015,4/18/2015,First Class,LL-16840,OFF-BI-10001036,9.14,1,0,4.57,137974
CA-2015-137974,4/16/2015,4/18/2015,First Class,LL-16840,FUR-FU-10001468,1196.86,7,0,119.69,137974
CA-2015-137974,4/16/2015,4/18/2015,First Class,LL-16840,FUR-BO-10001519,523.26,9,0,125.58,137974
US-2015-136987,4/11/2015,4/14/2015,Second Class,AR-10540,TEC-CO-10001943,639.97,4,0.2,215.99,136987
US-2015-136987,4/11/2015,4/14/2015,Second Class,AR-10540,OFF-PA-10003127,52.76,2,0,24.27,136987
CA-2015-138485,2/27/2015,3/1/2015,Second Class,NP-18670,TEC-AC-10002076,538.92,9,0,80.84,138485
CA-2016-138282,5/19/2016,5/23/2016,Standard Class,AH-10690,OFF-AP-10001366,87.84,8,0,23.72,138282
CA-2017-148985,11/11/2017,11/15/2017,Second Class,TB-21190,FUR-FU-10001424,34.92,4,0,11.87,148985
CA-2015-100734,9/15/2015,9/20/2015,Standard Class,AC-10615,OFF-BI-10002609,3.58,4,0.7,-2.86,100734
CA-2016-139997,7/1/2016,7/3/2016,First Class,EM-14140,TEC-CO-10000971,1499.95,5,0,449.98,139997
CA-2016-109652,4/10/2016,4/15/2016,Standard Class,QJ-19255,OFF-AR-10000034,13.57,4,0.2,3.22,109652
CA-2014-167199,1/6/2014,1/10/2014,Standard Class,ME-17320,FUR-CH-10004063,2573.82,9,0,746.41,167199
CA-2014-167199,1/6/2014,1/10/2014,Standard Class,ME-17320,OFF-BI-10004632,609.98,2,0,274.49,167199
CA-2014-167199,1/6/2014,1/10/2014,Standard Class,ME-17320,OFF-AR-10001662,5.48,2,0,1.48,167199
CA-2014-167199,1/6/2014,1/10/2014,Standard Class,ME-17320,TEC-PH-10004539,755.96,4,0,204.11,167199
CA-2014-167199,1/6/2014,1/10/2014,Standard Class,ME-17320,OFF-FA-10001883,31.12,4,0,0.31,167199
CA-2014-113964,9/23/2014,9/30/2014,Standard Class,JP-16135,OFF-BI-10004654,18.46,4,0.2,6.92,113964
CA-2014-129938,12/15/2014,12/17/2014,Second Class,EB-13705,FUR-CH-10003774,445.8,7,0.3,-108.27,129938
US-2015-134558,12/19/2015,12/24/2015,Second Class,PM-19135,FUR-TA-10003473,1053.16,4,0.3,-105.32,134558
CA-2015-108672,9/10/2015,9/16/2015,Standard Class,FA-14230,FUR-FU-10003799,106.68,6,0,33.07,108672
US-2017-160836,9/11/2017,9/16/2017,Standard Class,CC-12475,FUR-TA-10002855,512.19,5,0.3,-65.85,160836
US-2017-160836,9/11/2017,9/16/2017,Standard Class,CC-12475,OFF-AP-10001626,1.56,2,0.8,-4.2,160836
CA-2017-121048,7/14/2017,7/18/2017,Standard Class,TC-21295,OFF-AR-10004042,71.92,4,0,20.86,121048
CA-2017-121048,7/14/2017,7/18/2017,Standard Class,TC-21295,TEC-AC-10000991,140.97,3,0,19.74,121048
US-2017-120147,3/30/2017,3/30/2017,Same Day,TB-21400,TEC-PH-10002447,164.79,1,0.2,18.54,120147
US-2017-161935,7/14/2017,7/18/2017,Standard Class,JL-15835,TEC-PH-10000560,1889.95,9,0.4,-377.99,161935
US-2017-161935,7/14/2017,7/18/2017,Standard Class,JL-15835,OFF-ST-10001837,239.46,7,0.2,17.96,161935
US-2017-167920,12/9/2017,12/12/2017,Second Class,JL-15835,OFF-BI-10004236,29.36,2,0,13.51,167920
US-2017-167920,12/9/2017,12/12/2017,Second Class,JL-15835,OFF-AP-10000159,214.9,5,0,62.32,167920
US-2017-167920,12/9/2017,12/12/2017,Second Class,JL-15835,TEC-AC-10001013,146.45,5,0,48.33,167920
US-2017-167920,12/9/2017,12/12/2017,Second Class,JL-15835,OFF-ST-10004963,15.14,1,0,0.61,167920
US-2017-167920,12/9/2017,12/12/2017,Second Class,JL-15835,TEC-CO-10001046,1399.98,2,0,629.99,167920
CA-2016-162383,9/5/2016,9/11/2016,Standard Class,MD-17350,OFF-BI-10002824,8.95,2,0.7,-7.46,162383
CA-2014-125731,9/10/2014,9/16/2014,Standard Class,CL-12565,OFF-EN-10003072,21.73,7,0.2,7.6,125731
CA-2016-107146,6/17/2016,6/19/2016,First Class,LC-16885,FUR-CH-10004853,483.14,4,0.2,54.35,107146
US-2017-112347,12/2/2017,12/6/2017,Standard Class,BS-11380,OFF-ST-10003306,114.29,1,0.2,12.86,112347
US-2017-112347,12/2/2017,12/6/2017,Standard Class,BS-11380,TEC-PH-10000213,49.62,2,0.2,4.96,112347
US-2017-112347,12/2/2017,12/6/2017,Standard Class,BS-11380,FUR-FU-10001488,508.7,6,0.2,0,112347
US-2017-112347,12/2/2017,12/6/2017,Standard Class,BS-11380,TEC-PH-10004833,57.36,6,0.2,-14.34,112347
US-2017-112347,12/2/2017,12/6/2017,Standard Class,BS-11380,FUR-CH-10002335,906.68,5,0.2,68,112347
CA-2014-103492,10/10/2014,10/15/2014,Standard Class,CM-12715,TEC-PH-10001128,719.95,6,0.2,72,103492
CA-2014-103492,10/10/2014,10/15/2014,Standard Class,CM-12715,TEC-PH-10004667,755.94,7,0.2,66.15,103492
CA-2014-103492,10/10/2014,10/15/2014,Standard Class,CM-12715,OFF-BI-10004817,11.98,5,0.8,-19.17,103492
CA-2014-103492,10/10/2014,10/15/2014,Standard Class,CM-12715,OFF-BI-10004140,0.9,1,0.8,-1.57,103492
CA-2016-136595,9/5/2016,9/7/2016,First Class,EM-13825,FUR-FU-10004671,21.2,3,0.6,-11.66,136595
CA-2014-140396,11/20/2014,11/25/2014,Standard Class,KH-16330,OFF-EN-10002592,34.74,3,0,17.37,140396
CA-2014-140396,11/20/2014,11/25/2014,Standard Class,KH-16330,TEC-PH-10004447,833.94,6,0,216.82,140396
CA-2014-114181,5/10/2014,5/14/2014,Second Class,AF-10885,FUR-BO-10004467,349.96,7,0.5,-216.98,114181
CA-2017-159506,11/27/2017,12/2/2017,Standard Class,JR-16210,OFF-PA-10003641,158.28,6,0,72.81,159506
CA-2017-159506,11/27/2017,12/2/2017,Standard Class,JR-16210,OFF-BI-10004519,497.94,3,0,224.07,159506
US-2014-137155,11/1/2014,11/5/2014,Standard Class,DL-12925,OFF-AP-10002518,533.94,3,0,154.84,137155
CA-2016-105746,12/30/2016,1/1/2017,First Class,BD-11605,FUR-CH-10000454,170.79,1,0.3,0,105746
US-2016-166660,1/30/2016,2/1/2016,Second Class,TB-21250,FUR-CH-10001190,435.17,4,0.2,-59.84,166660
US-2016-166660,1/30/2016,2/1/2016,Second Class,TB-21250,FUR-BO-10000468,48.58,1,0,7.77,166660
CA-2014-133830,12/5/2014,12/10/2014,Standard Class,RL-19615,OFF-AR-10003045,26.46,9,0,11.91,133830
CA-2014-100916,10/21/2014,10/26/2014,Standard Class,FH-14275,OFF-ST-10003479,194.7,5,0,9.74,100916
CA-2014-100916,10/21/2014,10/26/2014,Standard Class,FH-14275,FUR-TA-10004607,591.32,4,0,112.35,100916
CA-2014-100916,10/21/2014,10/26/2014,Standard Class,FH-14275,OFF-AR-10001022,2.84,1,0,0.88,100916
CA-2015-129532,12/8/2015,12/12/2015,Standard Class,YS-21880,OFF-ST-10004186,221.96,2,0,4.44,129532
CA-2015-129532,12/8/2015,12/12/2015,Standard Class,YS-21880,TEC-AC-10000865,236,4,0,40.12,129532
CA-2014-134726,11/2/2014,11/7/2014,Second Class,SW-20755,TEC-AC-10000023,41.94,2,0,15.1,134726
CA-2014-134726,11/2/2014,11/7/2014,Second Class,SW-20755,TEC-PH-10001750,52.79,1,0.2,4.62,134726
CA-2015-123113,11/23/2015,11/27/2015,Second Class,AT-10735,OFF-AP-10000275,2625.12,8,0,735.03,123113
CA-2015-169656,8/13/2015,8/16/2015,First Class,EJ-13720,OFF-ST-10003816,422.86,3,0.2,15.86,169656
CA-2014-163223,3/21/2014,3/25/2014,Standard Class,KH-16690,TEC-PH-10000730,3499.93,7,0,909.98,163223
CA-2016-158778,9/5/2016,9/9/2016,Standard Class,DB-13210,FUR-FU-10000260,58.25,9,0.2,11.65,158778
CA-2016-158778,9/5/2016,9/9/2016,Standard Class,DB-13210,FUR-CH-10001146,71.25,2,0.3,-19.34,158778
CA-2016-158778,9/5/2016,9/9/2016,Standard Class,DB-13210,FUR-CH-10000309,887.27,3,0.3,-63.38,158778
CA-2017-119655,4/20/2017,4/24/2017,Standard Class,CV-12295,OFF-BI-10001989,146.86,7,0,70.49,119655
CA-2015-164567,6/15/2015,6/19/2015,Standard Class,GK-14620,TEC-PH-10002103,225.58,3,0.2,22.56,164567
CA-2014-131947,9/17/2014,9/22/2014,Standard Class,JA-15970,OFF-AR-10000411,38.26,3,0.2,4.78,131947
CA-2014-131947,9/17/2014,9/22/2014,Standard Class,JA-15970,OFF-PA-10000246,40.24,5,0.2,13.08,131947
CA-2014-131947,9/17/2014,9/22/2014,Standard Class,JA-15970,TEC-MA-10004086,29.92,5,0.7,-21.94,131947
CA-2014-131947,9/17/2014,9/22/2014,Standard Class,JA-15970,OFF-PA-10003039,148.7,6,0.2,46.47,131947
CA-2016-101791,5/27/2016,5/31/2016,Standard Class,BS-11665,OFF-ST-10001496,1297.37,9,0.2,97.3,101791
US-2015-130491,2/8/2015,2/11/2015,First Class,BH-11710,OFF-FA-10000134,5.81,1,0,1.8,130491
CA-2014-148425,11/30/2014,12/4/2014,Standard Class,RF-19345,OFF-BI-10000201,6.64,9,0.7,-4.43,148425
CA-2016-144309,12/10/2016,12/16/2016,Standard Class,CM-12235,OFF-BI-10003656,679.96,5,0.2,220.99,144309
CA-2017-151225,10/27/2017,10/29/2017,First Class,JM-15655,FUR-TA-10001539,189.58,1,0.2,9.48,151225
US-2014-144078,11/25/2014,11/29/2014,Standard Class,RB-19435,TEC-PH-10001580,539.92,5,0.2,47.24,144078
US-2014-144078,11/25/2014,11/29/2014,Standard Class,RB-19435,FUR-CH-10002335,725.34,4,0.2,54.4,144078
US-2014-144078,11/25/2014,11/29/2014,Standard Class,RB-19435,OFF-AR-10004707,7.44,3,0,2.6,144078
CA-2014-124464,7/14/2014,7/20/2014,Standard Class,SS-20515,OFF-AP-10000576,39.48,1,0,11.05,124464
CA-2015-136805,5/23/2015,5/27/2015,Second Class,NM-18445,OFF-AP-10001394,850.5,5,0.1,245.7,136805
CA-2015-136805,5/23/2015,5/27/2015,Second Class,NM-18445,FUR-FU-10003724,75.33,9,0,19.59,136805
US-2015-159499,11/21/2015,11/23/2015,Second Class,EM-14095,OFF-AP-10002867,325.63,6,0.2,28.49,159499
US-2015-159499,11/21/2015,11/23/2015,Second Class,EM-14095,TEC-AC-10002718,23.34,2,0.2,-1.46,159499
CA-2014-162089,3/30/2014,4/1/2014,First Class,MP-17470,OFF-EN-10002230,335.72,5,0.2,113.31,162089
CA-2014-162089,3/30/2014,4/1/2014,First Class,MP-17470,TEC-PH-10001819,251.94,7,0.2,88.18,162089
CA-2014-162089,3/30/2014,4/1/2014,First Class,MP-17470,FUR-CH-10002304,127.3,7,0.3,-9.09,162089
US-2017-158526,12/29/2017,1/1/2018,Second Class,KH-16360,FUR-CH-10002602,1207.84,8,0,314.04,158526
US-2017-158526,12/29/2017,1/1/2018,Second Class,KH-16360,OFF-BI-10002414,12.53,1,0,5.89,158526
US-2017-158526,12/29/2017,1/1/2018,Second Class,KH-16360,FUR-CH-10004495,300.98,1,0,87.28,158526
US-2017-158526,12/29/2017,1/1/2018,Second Class,KH-16360,FUR-CH-10001270,258.75,3,0,77.62,158526
CA-2017-104885,3/2/2017,3/8/2017,Standard Class,DB-13555,FUR-BO-10003660,441.96,2,0,101.65,104885
US-2016-157490,10/6/2016,10/7/2016,First Class,LB-16795,TEC-MA-10001695,703.71,6,0.7,-938.28,157490
US-2016-157490,10/6/2016,10/7/2016,First Class,LB-16795,OFF-BI-10002571,11.98,4,0.7,-9.18,157490
US-2014-115196,9/9/2014,9/13/2014,Standard Class,DL-12925,TEC-MA-10002073,1299.99,2,0.5,-572,115196
CA-2016-138968,3/15/2016,3/16/2016,First Class,FC-14335,OFF-BI-10003529,4.54,2,0.2,1.65,138968
CA-2016-138968,3/15/2016,3/16/2016,First Class,FC-14335,FUR-CH-10000309,1352.03,4,0.2,84.5,138968
CA-2015-101889,12/27/2015,12/31/2015,Standard Class,DB-13120,FUR-TA-10004154,1548.99,9,0.4,-464.7,101889
CA-2015-101889,12/27/2015,12/31/2015,Standard Class,DB-13120,OFF-EN-10003286,19.87,3,0.2,6.71,101889
CA-2017-110821,8/7/2017,8/8/2017,First Class,CK-12205,TEC-AC-10001552,119.45,3,0.2,-13.44,110821
CA-2017-110821,8/7/2017,8/8/2017,First Class,CK-12205,OFF-ST-10002790,118.16,2,0.2,-25.11,110821
US-2014-120740,4/15/2014,4/15/2014,Same Day,PS-18970,FUR-FU-10004091,187.76,4,0,76.98,120740
CA-2017-146493,6/1/2017,6/5/2017,Standard Class,CV-12805,OFF-BI-10003676,53.9,5,0,25.87,146493
CA-2014-105417,1/7/2014,1/12/2014,Standard Class,VS-21820,FUR-FU-10004864,76.73,3,0.6,-53.71,105417
CA-2014-105417,1/7/2014,1/12/2014,Standard Class,VS-21820,OFF-BI-10003708,10.43,7,0.8,-18.25,105417
US-2016-140158,10/4/2016,10/8/2016,Standard Class,DR-12940,TEC-CO-10001449,5399.91,9,0,2591.96,140158
US-2016-140158,10/4/2016,10/8/2016,Standard Class,DR-12940,OFF-ST-10000136,119.1,3,0,34.54,140158
CA-2015-130974,11/27/2015,11/29/2015,Second Class,MA-17560,TEC-AC-10003095,259.98,2,0,88.39,130974
CA-2015-130974,11/27/2015,11/29/2015,Second Class,MA-17560,FUR-BO-10002916,170.98,1,0,32.49,130974
CA-2015-130974,11/27/2015,11/29/2015,Second Class,MA-17560,FUR-TA-10004619,446.07,4,0.3,0,130974
CA-2014-133592,12/31/2014,1/7/2015,Standard Class,KM-16375,FUR-CH-10004218,605.88,6,0,151.47,133592
CA-2015-120782,4/28/2015,5/1/2015,First Class,SD-20485,OFF-AP-10003779,186.73,1,0.1,41.5,120782
CA-2015-120782,4/28/2015,5/1/2015,First Class,SD-20485,OFF-BI-10003527,3812.97,3,0,1906.48,120782
CA-2015-116876,2/14/2015,2/21/2015,Standard Class,TT-21070,OFF-BI-10002897,26.42,9,0.2,9.58,116876
CA-2015-116876,2/14/2015,2/21/2015,Standard Class,TT-21070,TEC-PH-10002584,625.99,1,0,187.8,116876
CA-2016-169838,11/25/2016,11/29/2016,Standard Class,BB-11545,FUR-TA-10001095,1568.61,9,0,329.41,169838
CA-2016-169838,11/25/2016,11/29/2016,Standard Class,BB-11545,OFF-BI-10004002,17.3,1,0,8.3,169838
CA-2016-169838,11/25/2016,11/29/2016,Standard Class,BB-11545,TEC-AC-10004518,160,8,0,62.4,169838
CA-2016-118899,3/22/2016,3/22/2016,Same Day,MC-17275,FUR-CH-10004754,167.89,7,0.2,14.69,118899
CA-2017-151799,12/14/2017,12/18/2017,Standard Class,BF-11170,TEC-CO-10002313,1199.98,2,0,467.99,151799
CA-2017-151799,12/14/2017,12/18/2017,Standard Class,BF-11170,OFF-ST-10002790,73.85,1,0,2.22,151799
CA-2017-151799,12/14/2017,12/18/2017,Standard Class,BF-11170,FUR-TA-10003473,526.58,2,0.3,-52.66,151799
CA-2014-139542,10/25/2014,10/29/2014,Standard Class,EH-14185,OFF-BI-10000309,13.7,3,0.7,-9.59,139542
CA-2014-150203,12/5/2014,12/7/2014,First Class,JB-15925,OFF-AP-10001469,250.26,6,0,72.58,150203
CA-2015-149636,1/6/2015,1/12/2015,Standard Class,SP-20620,OFF-BI-10002764,1.94,2,0.7,-1.36,149636
CA-2015-108588,1/5/2015,1/10/2015,Standard Class,BG-11695,OFF-BI-10004506,13.17,2,0.2,4.61,108588
CA-2015-139374,9/10/2015,9/14/2015,Standard Class,AR-10345,FUR-CH-10003981,179.89,1,0.3,-2.57,139374
CA-2016-113978,9/25/2016,9/29/2016,Standard Class,TS-21505,OFF-AP-10003849,286.26,1,0.2,17.89,113978
CA-2016-113978,9/25/2016,9/29/2016,Standard Class,TS-21505,OFF-ST-10004963,24.22,2,0.2,-4.84,113978
CA-2017-104850,6/13/2017,6/19/2017,Standard Class,TW-21025,FUR-CH-10003774,291.14,4,0.2,-25.47,104850
CA-2017-140508,9/18/2017,9/21/2017,First Class,PA-19060,OFF-EN-10000927,114.85,4,0.2,35.89,140508
CA-2017-141103,7/30/2017,8/6/2017,Standard Class,JF-15355,TEC-PH-10003589,89.95,5,0,43.18,141103
CA-2014-154781,11/21/2014,11/26/2014,Standard Class,SC-20680,TEC-AC-10000474,94.99,1,0,28.5,154781
CA-2016-133613,6/17/2016,6/22/2016,Standard Class,CP-12340,TEC-PH-10004539,566.97,3,0,153.08,133613
CA-2015-133242,6/18/2015,6/24/2015,Standard Class,KH-16510,OFF-ST-10003716,450.04,2,0,58.51,133242
CA-2015-133242,6/18/2015,6/24/2015,Standard Class,KH-16510,OFF-BI-10004002,34.6,2,0,16.61,133242
CA-2015-133242,6/18/2015,6/24/2015,Standard Class,KH-16510,TEC-PH-10002496,467.97,3,0,140.39,133242
CA-2015-133242,6/18/2015,6/24/2015,Standard Class,KH-16510,OFF-BI-10004826,33.02,2,0,15.85,133242
CA-2015-161795,12/21/2015,12/23/2015,Second Class,AH-10075,OFF-AR-10001919,3.01,2,0.2,0.34,161795
CA-2017-100902,11/17/2017,11/21/2017,Standard Class,CK-12595,OFF-PA-10002558,268.24,7,0.2,93.88,100902
CA-2017-100902,11/17/2017,11/21/2017,Standard Class,CK-12595,TEC-AC-10003174,431.16,5,0.2,107.79,100902
CA-2017-112844,11/13/2017,11/16/2017,Second Class,SP-20620,FUR-FU-10004845,154.95,3,0,30.99,112844
CA-2014-155390,12/6/2014,12/11/2014,Standard Class,BG-11035,OFF-PA-10003641,42.21,2,0.2,13.72,155390
CA-2017-156391,9/26/2017,9/28/2017,First Class,SL-20155,OFF-AR-10003251,2.22,1,0.2,0.56,156391
CA-2015-103093,2/3/2015,2/7/2015,Standard Class,FO-14305,OFF-EN-10003286,74.52,9,0,35.02,103093
US-2017-118941,8/12/2017,8/12/2017,Same Day,BB-11545,FUR-CH-10002331,1779.9,5,0,373.78,118941
US-2017-118941,8/12/2017,8/12/2017,Same Day,BB-11545,OFF-AR-10001953,219.9,5,0,59.37,118941
CA-2016-155978,8/1/2016,8/1/2016,Same Day,TS-21205,TEC-PH-10002885,1039.73,2,0.2,90.98,155978
CA-2016-155978,8/1/2016,8/1/2016,Same Day,TS-21205,OFF-AP-10002892,45.96,2,0,13.79,155978
CA-2016-108196,11/25/2016,12/2/2016,Standard Class,CS-12505,OFF-BI-10000545,456.59,2,0.7,-304.39,108196
CA-2016-108196,11/25/2016,12/2/2016,Standard Class,CS-12505,TEC-MA-10000418,4499.98,5,0.7,-6599.98,108196
CA-2016-108196,11/25/2016,12/2/2016,Standard Class,CS-12505,TEC-AC-10000926,59.98,3,0.2,12,108196
CA-2016-152800,4/13/2016,4/15/2016,First Class,SP-20920,OFF-EN-10001509,6.12,3,0,2.88,152800
CA-2014-166961,12/27/2014,12/31/2014,Standard Class,CD-12790,OFF-AP-10001366,10.98,1,0,2.96,166961
CA-2016-139381,4/18/2016,4/22/2016,Standard Class,RF-19840,TEC-PH-10004924,29.56,4,0,7.98,139381
CA-2016-162236,11/4/2016,11/6/2016,Second Class,ER-13855,FUR-TA-10002533,876.3,10,0.4,-292.1,162236
US-2016-117037,5/17/2016,5/20/2016,First Class,LW-17215,OFF-FA-10000936,7.9,3,0.2,2.47,117037
US-2016-117037,5/17/2016,5/20/2016,First Class,LW-17215,OFF-PA-10000791,30.53,8,0.2,9.54,117037
CA-2017-160801,9/19/2017,9/19/2017,Same Day,FG-14260,OFF-BI-10001132,4.84,3,0.7,-3.39,160801
CA-2016-108364,12/19/2016,12/24/2016,Standard Class,BP-11050,OFF-BI-10002012,1.8,5,0.8,-2.88,108364
CA-2015-112711,7/12/2015,7/18/2015,Standard Class,FM-14380,TEC-PH-10000526,307.17,4,0.2,30.72,112711
US-2015-145121,10/2/2015,10/6/2015,Standard Class,MP-17965,OFF-BI-10001078,26.9,5,0,13.18,145121
CA-2017-166184,3/24/2017,3/27/2017,First Class,HR-14830,OFF-EN-10004483,47.01,3,0,22.09,166184
CA-2017-166184,3/24/2017,3/27/2017,First Class,HR-14830,TEC-PH-10002624,469.99,1,0,136.3,166184
CA-2017-157413,6/1/2017,6/6/2017,Standard Class,BW-11065,OFF-ST-10002756,324.74,3,0.2,-77.13,157413
CA-2015-102260,9/22/2015,9/26/2015,Standard Class,SJ-20125,OFF-LA-10003714,12,4,0.2,4.2,102260
CA-2015-102260,9/22/2015,9/26/2015,Standard Class,SJ-20125,OFF-ST-10002289,25.42,1,0.2,-4.77,102260
US-2016-137295,1/8/2016,1/13/2016,Standard Class,VS-21820,OFF-BI-10004236,30.83,7,0.7,-24.66,137295
CA-2016-134334,2/14/2016,2/15/2016,First Class,DK-13090,OFF-PA-10000791,4.77,1,0,2.15,134334
CA-2016-134334,2/14/2016,2/15/2016,First Class,DK-13090,FUR-TA-10002356,550.43,3,0.3,-47.18,134334
US-2017-109316,6/8/2017,6/10/2017,First Class,MG-17680,FUR-BO-10004834,1497.67,2,0.15,140.96,109316
CA-2016-138478,10/21/2016,10/26/2016,Second Class,DP-13390,OFF-AR-10002240,113.22,3,0,29.44,138478
CA-2016-138478,10/21/2016,10/26/2016,Second Class,DP-13390,OFF-BI-10001120,4535.98,3,0.2,1644.29,138478
CA-2017-152436,12/8/2017,12/10/2017,Second Class,CW-11905,OFF-ST-10000036,592.74,6,0,160.04,152436
CA-2015-127327,2/3/2015,2/7/2015,Standard Class,PW-19030,FUR-CH-10004218,90.88,1,0.1,15.15,127327
CA-2017-117114,10/31/2017,11/5/2017,Standard Class,CY-12745,TEC-PH-10004042,508.77,4,0.2,38.16,117114
CA-2015-106257,4/13/2015,4/17/2015,Second Class,EB-14110,TEC-PH-10001494,479.92,2,0.2,41.99,106257
US-2014-137869,3/28/2014,4/2/2014,Standard Class,CV-12295,FUR-TA-10003954,1184.72,4,0,106.62,137869
US-2017-123834,7/21/2017,7/25/2017,Standard Class,GM-14500,FUR-TA-10001676,124.4,4,0.3,-21.33,123834
CA-2015-125976,9/27/2015,10/2/2015,Standard Class,JK-15205,TEC-PH-10002496,1871.88,12,0,561.56,125976
CA-2014-169649,12/9/2014,12/15/2014,Standard Class,TS-21205,OFF-AP-10003287,20.39,2,0.8,-53.01,169649
CA-2017-135587,12/7/2017,12/12/2017,Standard Class,BH-11710,OFF-AP-10004540,320.64,4,0,89.78,135587
CA-2017-135587,12/7/2017,12/12/2017,Standard Class,BH-11710,TEC-AC-10001266,52,4,0,23.4,135587
CA-2014-103429,5/30/2014,6/1/2014,First Class,LW-16825,TEC-PH-10003505,464,5,0,134.56,103429
CA-2014-103429,5/30/2014,6/1/2014,First Class,LW-16825,OFF-AP-10001005,235.95,3,0,77.86,103429
CA-2017-152261,3/2/2017,3/6/2017,Standard Class,JA-15970,OFF-BI-10002353,18.53,4,0.7,-12.35,152261
CA-2015-143364,7/14/2015,7/19/2015,Second Class,TG-21310,FUR-CH-10004287,441.92,2,0.2,49.72,143364
CA-2016-136994,5/27/2016,6/2/2016,Standard Class,LS-17245,OFF-PA-10000575,13.38,2,0,6.15,136994
CA-2017-168403,9/9/2017,9/15/2017,Standard Class,DK-12835,OFF-AP-10003278,11.18,1,0.2,0.84,168403
CA-2016-160241,11/29/2016,12/4/2016,Second Class,DR-12940,FUR-FU-10003806,242.18,4,0.6,-302.72,160241
CA-2016-155747,6/14/2016,6/21/2016,Standard Class,JS-15685,FUR-TA-10003392,337.18,2,0.4,-118.01,155747
CA-2017-118017,12/3/2017,12/6/2017,Second Class,LC-16870,OFF-PA-10002246,10.32,2,0.2,3.74,118017
CA-2017-118017,12/3/2017,12/6/2017,Second Class,LC-16870,OFF-SU-10004782,47.32,7,0.2,5.92,118017
CA-2017-118017,12/3/2017,12/6/2017,Second Class,LC-16870,FUR-FU-10004351,23.38,3,0.2,7.01,118017
CA-2016-148684,12/25/2016,12/29/2016,Standard Class,TS-21655,OFF-AR-10003811,19.89,9,0,5.37,148684
CA-2016-148684,12/25/2016,12/29/2016,Standard Class,TS-21655,TEC-AC-10001838,399.98,2,0,171.99,148684
CA-2016-148684,12/25/2016,12/29/2016,Standard Class,TS-21655,FUR-FU-10003553,343.85,5,0,137.54,148684
CA-2017-124744,6/21/2017,6/25/2017,Standard Class,EH-14125,OFF-BI-10002852,82.4,5,0,40.38,124744
CA-2017-128363,8/13/2017,8/18/2017,Standard Class,DC-12850,OFF-AP-10001563,272.05,7,0.2,30.61,128363
CA-2017-128363,8/13/2017,8/18/2017,Standard Class,DC-12850,OFF-BI-10001359,1614.58,6,0.7,-1237.85,128363
CA-2017-128363,8/13/2017,8/18/2017,Standard Class,DC-12850,TEC-AC-10003709,1.58,2,0.2,0.48,128363
CA-2017-128363,8/13/2017,8/18/2017,Standard Class,DC-12850,FUR-CH-10002073,423.65,2,0.2,47.66,128363
CA-2015-126669,11/7/2015,11/13/2015,Standard Class,DO-13645,OFF-PA-10001357,76.64,2,0.2,26.82,126669
CA-2016-149762,12/3/2016,12/7/2016,Standard Class,RD-19720,FUR-TA-10004147,268.7,3,0.2,6.72,149762
CA-2016-149762,12/3/2016,12/7/2016,Standard Class,RD-19720,OFF-AR-10001662,21.92,8,0,5.92,149762
CA-2016-149762,12/3/2016,12/7/2016,Standard Class,RD-19720,OFF-ST-10001558,48.72,3,0,7.31,149762
CA-2016-167605,4/28/2016,4/30/2016,Second Class,RB-19570,FUR-FU-10001602,30.34,2,0.6,-31.86,167605
US-2017-105697,8/25/2017,8/27/2017,First Class,JE-15715,OFF-ST-10003996,25.7,2,0.2,1.93,105697
CA-2017-165323,6/17/2017,6/21/2017,Standard Class,SR-20740,TEC-MA-10003673,3404.5,5,0,1668.2,165323
CA-2015-110891,11/20/2015,11/24/2015,Standard Class,PO-19195,FUR-CH-10002880,344.37,4,0.3,-93.47,110891
CA-2017-100783,9/4/2017,9/8/2017,Second Class,JK-16120,OFF-AR-10000380,30.38,1,0.2,3.8,100783
CA-2017-139822,9/15/2017,9/21/2017,Standard Class,Dp-13240,OFF-ST-10000943,38.62,2,0,10.81,139822
CA-2017-107713,3/13/2017,3/17/2017,Standard Class,JB-16000,OFF-BI-10002026,174.3,3,0,81.92,107713
CA-2017-120404,11/20/2017,11/24/2017,Second Class,KH-16330,TEC-PH-10001363,569.99,1,0,171,120404
CA-2017-167549,7/25/2017,7/27/2017,First Class,EM-14200,FUR-TA-10004767,298.12,6,0.3,-4.26,167549
CA-2017-166093,8/17/2017,8/24/2017,Standard Class,RW-19540,OFF-AP-10001058,2518.29,9,0,654.76,166093
CA-2017-166093,8/17/2017,8/24/2017,Standard Class,RW-19540,OFF-BI-10004230,221.06,8,0.2,77.37,166093
CA-2016-146325,12/14/2016,12/17/2016,First Class,DS-13180,OFF-ST-10001590,134.8,10,0,35.05,146325
CA-2017-134194,12/25/2017,1/1/2018,Standard Class,GA-14725,OFF-BI-10003684,39.58,9,0.8,-59.37,134194
CA-2017-134194,12/25/2017,1/1/2018,Standard Class,GA-14725,OFF-SU-10000946,44.69,7,0.2,5.03,134194
CA-2017-134194,12/25/2017,1/1/2018,Standard Class,GA-14725,OFF-BI-10001597,40.98,5,0.8,-65.57,134194
