Order ID,Order Date,Ship Date,Ship Mode,Customer ID,Product ID,Sales,Quantity,Discount,Profit,Order ID No.
CA-2014-131009,3/1/2014,3/5/2014,Standard Class,SC-20380,FUR-CH-10001270,362.25,6,0.3,0,131009
CA-2014-131009,3/1/2014,3/5/2014,Standard Class,SC-20380,OFF-ST-10001469,129.55,3,0.2,-22.67,131009
CA-2015-145814,11/19/2015,11/24/2015,Standard Class,KD-16345,TEC-PH-10002200,861.76,4,0,249.91,145814
CA-2014-138359,4/1/2014,4/6/2014,Standard Class,KH-16330,OFF-ST-10000636,66.96,4,0,2.68,138359
CA-2017-131807,10/5/2017,10/10/2017,Standard Class,GG-14650,FUR-FU-10004666,72.9,5,0,26.97,131807
CA-2017-131807,10/5/2017,10/10/2017,Standard Class,GG-14650,FUR-TA-10004086,206.35,3,0.2,5.16,131807
CA-2017-104864,11/18/2017,11/23/2017,Second Class,JS-15685,OFF-ST-10002301,81.36,5,0.2,-19.32,104864
CA-2017-104864,11/18/2017,11/23/2017,Second Class,JS-15685,OFF-AP-10002684,389.06,4,0.2,48.63,104864
US-2015-126753,8/16/2015,8/20/2015,Standard Class,SP-20860,TEC-PH-10003580,519.79,4,0.4,-112.62,126753
US-2015-126753,8/16/2015,8/20/2015,Standard Class,SP-20860,TEC-AC-10004227,31.18,3,0.2,-5.46,126753
US-2015-126753,8/16/2015,8/20/2015,Standard Class,SP-20860,OFF-BI-10003727,3.76,3,0.7,-2.76,126753
CA-2014-166051,5/31/2014,6/5/2014,Standard Class,JK-15625,TEC-PH-10002680,659.97,3,0,197.99,166051
US-2016-117793,8/23/2016,8/29/2016,Standard Class,MA-17560,OFF-LA-10002945,25.2,4,0,11.59,117793
US-2016-117793,8/23/2016,8/29/2016,Standard Class,MA-17560,TEC-AC-10003433,1.98,2,0,0.89,117793
CA-2016-133872,6/14/2016,6/17/2016,First Class,VM-21835,OFF-BI-10002082,39.94,4,0.7,-26.62,133872
US-2015-165743,11/20/2015,11/23/2015,Second Class,MM-18055,OFF-BI-10001758,9.61,6,0.7,-7.37,165743
US-2017-105998,11/3/2017,11/5/2017,First Class,CR-12580,TEC-AC-10004469,199.75,5,0,87.89,105998
US-2017-105998,11/3/2017,11/5/2017,First Class,CR-12580,FUR-TA-10001095,1673.18,12,0.2,20.91,105998
US-2014-148194,5/4/2014,5/7/2014,First Class,BS-11365,FUR-FU-10001852,12.18,7,0,3.9,148194
US-2014-148194,5/4/2014,5/7/2014,First Class,BS-11365,OFF-AP-10000696,57.68,4,0,19.03,148194
CA-2015-110870,12/12/2015,12/15/2015,First Class,KD-16270,TEC-AC-10002926,299.94,6,0,128.97,110870
CA-2014-143210,12/1/2014,12/3/2014,First Class,AA-10645,TEC-PH-10004434,271.9,2,0,78.85,143210
CA-2016-139808,10/7/2016,10/11/2016,Standard Class,MC-18100,OFF-FA-10001883,93.36,12,0,0.93,139808
CA-2015-110863,11/17/2015,11/24/2015,Standard Class,AA-10645,OFF-ST-10002756,541.24,4,0,5.41,110863
CA-2015-110863,11/17/2015,11/24/2015,Standard Class,AA-10645,FUR-CH-10002073,1323.9,5,0,383.93,110863
CA-2014-127859,3/17/2014,3/20/2014,Second Class,QJ-19255,OFF-PA-10003641,126.62,6,0.2,41.15,127859
US-2015-136427,6/20/2015,6/23/2015,First Class,JM-16195,TEC-PH-10002070,125.94,7,0.2,15.74,136427
CA-2017-120168,5/25/2017,5/25/2017,Same Day,TB-21625,OFF-BI-10004519,663.92,5,0.2,207.48,120168
CA-2017-120168,5/25/2017,5/25/2017,Same Day,TB-21625,TEC-AC-10002167,120,8,0,13.2,120168
CA-2017-120168,5/25/2017,5/25/2017,Same Day,TB-21625,OFF-FA-10000936,3.29,1,0,1.48,120168
CA-2014-129189,7/21/2014,7/25/2014,Standard Class,HM-14860,OFF-BI-10000494,1.04,1,0.8,-1.83,129189
CA-2015-132465,9/11/2015,9/15/2015,Second Class,DM-13525,FUR-FU-10000277,210.68,2,0,50.56,132465
CA-2015-132465,9/11/2015,9/15/2015,Second Class,DM-13525,OFF-ST-10003641,78.8,1,0,1.58,132465
CA-2016-166373,10/21/2016,10/25/2016,Standard Class,JF-15565,TEC-AC-10002323,106.08,6,0.2,-9.28,166373
CA-2016-158806,1/7/2016,1/11/2016,Standard Class,NM-18520,FUR-FU-10004270,23.08,3,0.6,-10.96,158806
CA-2015-119690,6/25/2015,6/28/2015,First Class,MV-17485,OFF-BI-10000201,0.98,2,0.8,-1.48,119690
CA-2015-119690,6/25/2015,6/28/2015,First Class,MV-17485,FUR-FU-10004587,75.38,9,0.6,-20.73,119690
CA-2017-169012,7/10/2017,7/14/2017,Standard Class,BF-11275,OFF-AP-10003278,41.91,3,0,10.9,169012
CA-2017-121489,8/21/2017,8/25/2017,Second Class,CM-11815,TEC-AC-10000682,33.18,2,0,11.61,121489
CA-2017-165008,9/15/2017,9/17/2017,Second Class,DO-13645,OFF-BI-10002794,295.06,9,0.2,106.96,165008
CA-2016-145611,9/20/2016,9/24/2016,Standard Class,HA-14905,OFF-AP-10001005,393.25,5,0,129.77,145611
CA-2017-152205,9/28/2017,10/5/2017,Standard Class,SF-20965,OFF-BI-10004094,2.66,1,0.7,-1.86,152205
CA-2015-121188,8/28/2015,9/4/2015,Standard Class,CB-12025,OFF-ST-10001490,892.35,5,0,267.7,121188
CA-2015-121188,8/28/2015,9/4/2015,Standard Class,CB-12025,OFF-ST-10000736,728.82,9,0,29.15,121188
CA-2015-121188,8/28/2015,9/4/2015,Standard Class,CB-12025,OFF-BI-10001617,41.36,5,0.2,13.96,121188
CA-2016-132997,11/7/2016,11/9/2016,First Class,LW-17215,OFF-ST-10003479,116.82,3,0,5.84,132997
CA-2017-151750,1/1/2017,1/5/2017,Standard Class,JM-15250,OFF-ST-10002743,454.56,5,0.2,-107.96,151750
CA-2017-151750,1/1/2017,1/5/2017,Standard Class,JM-15250,FUR-FU-10002116,141.42,5,0.6,-187.38,151750
CA-2017-151750,1/1/2017,1/5/2017,Standard Class,JM-15250,FUR-CH-10003199,310.74,4,0.3,-26.64,151750
CA-2017-151750,1/1/2017,1/5/2017,Standard Class,JM-15250,OFF-AR-10003158,12.74,4,0.2,2.23,151750
CA-2017-151750,1/1/2017,1/5/2017,Standard Class,JM-15250,OFF-BI-10000301,6.47,5,0.8,-9.7,151750
CA-2017-151750,1/1/2017,1/5/2017,Standard Class,JM-15250,OFF-BI-10000343,13.75,14,0.8,-22.68,151750
CA-2017-151750,1/1/2017,1/5/2017,Standard Class,JM-15250,OFF-AP-10004708,15.22,2,0.8,-38.82,151750
CA-2015-106187,6/23/2015,6/29/2015,Standard Class,RF-19345,OFF-BI-10004519,165.98,1,0,74.69,106187
CA-2015-106187,6/23/2015,6/29/2015,Standard Class,RF-19345,TEC-AC-10001590,75,3,0,18,106187
US-2016-164945,11/22/2016,11/27/2016,Standard Class,CA-12055,OFF-BI-10001524,134.27,8,0.2,47,164945
CA-2015-150714,10/26/2015,11/1/2015,Standard Class,KH-16690,OFF-LA-10001474,146.54,6,0.2,47.63,150714
CA-2015-150714,10/26/2015,11/1/2015,Standard Class,KH-16690,OFF-AP-10003287,203.88,5,0.2,20.39,150714
CA-2015-150714,10/26/2015,11/1/2015,Standard Class,KH-16690,OFF-ST-10001809,718.64,10,0.2,-161.69,150714
CA-2016-105753,10/20/2016,10/26/2016,Standard Class,LC-16960,FUR-FU-10000246,61.1,5,0,18.33,105753
CA-2017-120894,4/28/2017,5/2/2017,Standard Class,JL-15130,OFF-AP-10000252,28.08,3,0.2,5.26,120894
CA-2016-106621,9/29/2016,10/1/2016,Second Class,DM-12955,OFF-AR-10002375,10.5,4,0.2,1.18,106621
US-2015-117492,8/7/2015,8/9/2015,First Class,NS-18640,OFF-AP-10001492,77.58,9,0,20.17,117492
CA-2014-101392,12/7/2014,12/13/2014,Standard Class,AS-10630,OFF-ST-10000532,269.36,7,0,70.03,101392
CA-2017-133046,7/27/2017,8/1/2017,Second Class,DK-13375,TEC-AC-10000991,234.95,5,0,32.89,133046
CA-2016-169663,3/10/2016,3/13/2016,First Class,RH-19510,TEC-MA-10000984,3357.6,3,0.2,377.73,169663
CA-2015-149846,5/22/2015,5/26/2015,Standard Class,SB-20185,TEC-MA-10004002,2973.32,7,0.2,334.5,149846
CA-2015-149846,5/22/2015,5/26/2015,Standard Class,SB-20185,TEC-PH-10003645,775.73,6,0.2,58.18,149846
CA-2017-159149,2/17/2017,2/19/2017,First Class,CR-12820,FUR-BO-10001601,89.07,1,0.32,-17.03,159149
CA-2017-159149,2/17/2017,2/19/2017,First Class,CR-12820,OFF-AR-10000937,175.44,6,0.2,52.63,159149
US-2017-167570,12/8/2017,12/15/2017,Standard Class,EG-13900,FUR-CH-10003396,215.54,4,0.3,-58.5,167570
CA-2017-160122,11/18/2017,11/23/2017,Standard Class,RD-19930,OFF-EN-10002592,55.58,6,0.2,20.84,160122
CA-2017-160122,11/18/2017,11/23/2017,Standard Class,RD-19930,FUR-CH-10000422,127.39,2,0.3,-25.48,160122
CA-2016-130393,12/1/2016,12/3/2016,Second Class,JM-15865,FUR-CH-10002647,248.43,5,0.3,-17.74,130393
CA-2017-144820,10/3/2017,10/7/2017,Second Class,LW-16825,OFF-AR-10004817,20.64,5,0.2,2.32,144820
CA-2017-101014,8/29/2017,9/4/2017,Standard Class,RW-19540,FUR-FU-10003374,148.02,3,0,41.45,101014
US-2017-106551,7/22/2017,7/27/2017,Standard Class,EB-13930,FUR-CH-10004997,526.34,4,0.3,-75.19,106551
CA-2016-116722,11/11/2016,11/16/2016,Standard Class,LP-17080,OFF-BI-10001890,31.5,11,0.2,11.03,116722
CA-2014-138128,12/9/2014,12/15/2014,Standard Class,FP-14320,OFF-EN-10002500,30.67,3,0.2,9.58,138128
CA-2014-138128,12/9/2014,12/15/2014,Standard Class,FP-14320,TEC-CO-10001766,1079.98,4,0.4,126,138128
CA-2015-137064,2/6/2015,2/13/2015,Standard Class,TS-21655,OFF-ST-10003470,670.75,3,0.2,-125.77,137064
CA-2015-131352,10/8/2015,10/13/2015,Standard Class,GH-14485,FUR-FU-10003708,72.78,3,0.6,-70.96,131352
CA-2016-118073,8/12/2016,8/16/2016,Standard Class,CS-12490,FUR-TA-10002533,562.29,7,0.45,-255.59,118073
CA-2016-102561,7/18/2016,7/22/2016,Standard Class,NK-18490,OFF-ST-10001476,284.08,10,0.2,24.86,102561
CA-2016-100993,2/5/2016,2/10/2016,Standard Class,AZ-10750,FUR-TA-10001095,557.73,4,0.2,6.97,100993
US-2014-112949,6/20/2014,6/27/2014,Standard Class,Co-12640,OFF-AP-10001005,471.9,6,0,155.73,112949
CA-2017-140151,3/23/2017,3/25/2017,First Class,RB-19360,TEC-CO-10004722,13999.96,4,0,6719.98,140151
CA-2016-131296,10/4/2016,10/9/2016,Standard Class,MS-17830,FUR-TA-10002622,239.37,2,0.3,-23.94,131296
CA-2016-134138,2/16/2016,2/20/2016,Standard Class,JD-15790,FUR-CH-10001545,227.96,2,0,36.47,134138
CA-2015-120915,9/28/2015,10/3/2015,Second Class,JJ-15445,OFF-AP-10002578,293.52,6,0,76.32,120915
CA-2015-168207,11/2/2015,11/6/2015,Standard Class,LT-17110,FUR-FU-10004909,96.96,6,0,33.94,168207
CA-2015-168207,11/2/2015,11/6/2015,Standard Class,LT-17110,FUR-BO-10004357,512.5,3,0.15,-30.15,168207
CA-2017-107174,11/6/2017,11/13/2017,Standard Class,AB-10060,FUR-TA-10004575,2036.86,7,0,366.63,107174
CA-2016-146150,2/14/2016,2/19/2016,Standard Class,FM-14380,OFF-AR-10002240,264.18,7,0,68.69,146150
CA-2016-135965,9/22/2016,9/25/2016,First Class,SZ-20035,OFF-ST-10002370,128.34,6,0,37.22,135965
CA-2017-149699,12/22/2017,12/24/2017,First Class,CM-12115,TEC-AC-10000474,474.95,5,0,142.48,149699
CA-2015-112767,8/2/2015,8/6/2015,Standard Class,DK-12985,FUR-TA-10003469,277.5,4,0.5,-188.7,112767
CA-2015-119879,11/21/2015,11/25/2015,Standard Class,SS-20410,FUR-TA-10002958,1252.7,8,0.4,-480.2,119879
CA-2015-119879,11/21/2015,11/25/2015,Standard Class,SS-20410,TEC-PH-10002923,110.97,5,0.4,-24.04,119879
CA-2017-155642,5/18/2017,5/22/2017,Standard Class,BM-11575,FUR-FU-10001918,1.89,1,0.6,-0.99,155642
CA-2015-136728,9/13/2015,9/17/2015,Second Class,AG-10900,FUR-CH-10003817,170.07,4,0.3,-12.15,136728
CA-2015-141327,11/30/2015,12/3/2015,First Class,LR-16915,FUR-FU-10000576,335.74,2,0.2,25.18,141327
CA-2015-114811,11/8/2015,11/8/2015,Same Day,KD-16495,OFF-ST-10000885,67.15,5,0,16.79,114811
CA-2015-114811,11/8/2015,11/8/2015,Same Day,KD-16495,TEC-PH-10004165,549.98,2,0,142.99,114811
CA-2015-114811,11/8/2015,11/8/2015,Same Day,KD-16495,FUR-FU-10002240,11.82,3,0,4.73,114811
CA-2015-114811,11/8/2015,11/8/2015,Same Day,KD-16495,TEC-MA-10000045,4643.8,4,0,2229.02,114811
CA-2015-114811,11/8/2015,11/8/2015,Same Day,KD-16495,FUR-CH-10003746,577.76,2,0.1,115.55,114811
CA-2015-122266,4/26/2015,4/30/2015,Standard Class,SA-20830,FUR-TA-10000577,191.52,1,0.45,-76.61,122266
CA-2015-141565,9/20/2015,9/24/2015,Standard Class,BG-11035,OFF-BI-10000545,1369.76,6,0.7,-913.18,141565
CA-2015-141565,9/20/2015,9/24/2015,Standard Class,BG-11035,OFF-ST-10001522,294.37,4,0.2,-58.87,141565
CA-2016-116337,11/7/2016,11/12/2016,Standard Class,MC-17845,OFF-ST-10001272,314.09,3,0.2,19.63,116337
CA-2015-120845,9/25/2015,10/2/2015,Standard Class,ML-17395,OFF-BI-10001116,6.34,4,0.7,-4.65,120845
CA-2015-120845,9/25/2015,10/2/2015,Standard Class,ML-17395,OFF-BI-10004506,2.47,1,0.7,-1.81,120845
CA-2016-123050,4/4/2016,4/8/2016,Second Class,BC-11125,FUR-FU-10000723,82.64,2,0,7.44,123050
CA-2016-123050,4/4/2016,4/8/2016,Second Class,BC-11125,OFF-ST-10003455,31.02,2,0,8.07,123050
CA-2016-162355,6/30/2016,7/2/2016,Second Class,PF-19165,FUR-BO-10004695,1266.86,7,0,291.38,162355
CA-2017-102204,5/1/2017,5/6/2017,Standard Class,CJ-12010,OFF-SU-10001212,3.33,2,0.2,0.42,102204
CA-2017-102204,5/1/2017,5/6/2017,Standard Class,CJ-12010,FUR-TA-10001889,933.26,4,0.45,-458.15,102204
CA-2017-102204,5/1/2017,5/6/2017,Standard Class,CJ-12010,FUR-CH-10002024,2803.92,5,0.2,0,102204
CA-2017-103065,10/20/2017,10/20/2017,Same Day,PT-19090,FUR-FU-10000175,43.94,4,0.2,6.04,103065
CA-2014-109855,9/1/2014,9/5/2014,Standard Class,LH-16900,OFF-BI-10004716,23.74,2,0.2,8.31,109855
CA-2014-109855,9/1/2014,9/5/2014,Standard Class,LH-16900,TEC-AC-10002842,357,3,0,57.12,109855
CA-2014-109897,8/12/2014,8/16/2014,Standard Class,BW-11200,TEC-PH-10003691,806.34,8,0.2,50.4,109897
CA-2014-109897,8/12/2014,8/16/2014,Standard Class,BW-11200,FUR-FU-10002878,85.44,3,0,31.61,109897
CA-2015-129217,5/10/2015,5/10/2015,Same Day,DP-13390,OFF-AP-10002439,70.97,5,0.8,-191.62,129217
CA-2016-133816,5/10/2016,5/13/2016,Second Class,CS-12400,TEC-PH-10001795,743.99,2,0.4,-124,133816
CA-2015-140221,3/5/2015,3/9/2015,Second Class,MS-17365,OFF-BI-10002854,11.21,2,0.8,-16.82,140221
CA-2015-140221,3/5/2015,3/9/2015,Second Class,MS-17365,FUR-FU-10000023,4.71,2,0.6,-1.88,140221
CA-2017-152310,8/12/2017,8/19/2017,Standard Class,DK-12895,TEC-CO-10000971,299.99,1,0,90,152310
CA-2017-152310,8/12/2017,8/19/2017,Standard Class,DK-12895,TEC-PH-10002538,242.62,8,0.2,27.3,152310
CA-2017-152310,8/12/2017,8/19/2017,Standard Class,DK-12895,TEC-AC-10000397,174.95,5,0,12.25,152310
CA-2016-118101,6/26/2016,6/26/2016,Same Day,SN-20560,OFF-BI-10000773,8.02,1,0,3.77,118101
CA-2016-118101,6/26/2016,6/26/2016,Same Day,SN-20560,OFF-ST-10001837,171.04,4,0,44.47,118101
CA-2014-131800,12/30/2014,1/4/2015,Standard Class,AJ-10960,OFF-BI-10003429,35.45,7,0.2,12.85,131800
CA-2017-121790,1/30/2017,2/6/2017,Standard Class,LP-17095,FUR-TA-10003469,69.38,1,0.5,-47.18,121790
CA-2017-121790,1/30/2017,2/6/2017,Standard Class,LP-17095,TEC-PH-10002584,2003.17,4,0.2,250.4,121790
CA-2016-169670,12/25/2016,12/31/2016,Standard Class,JE-15715,FUR-CH-10002331,2563.06,8,0.1,313.26,169670
CA-2015-143882,6/26/2015,6/30/2015,Standard Class,DB-13360,OFF-PA-10004040,43.06,9,0.2,15.61,143882
US-2016-139262,2/21/2016,2/25/2016,Standard Class,LC-16960,OFF-ST-10001496,432.46,3,0.2,32.43,139262
CA-2017-146192,4/22/2017,4/26/2017,Standard Class,BD-11725,OFF-ST-10003716,675.06,3,0,87.76,146192
CA-2017-134810,5/9/2017,5/10/2017,First Class,MC-17605,OFF-EN-10002504,65.23,3,0.2,22.02,134810
CA-2015-154284,12/21/2015,12/26/2015,Second Class,SZ-20035,TEC-MA-10004241,600.53,2,0.3,137.26,154284
CA-2015-154284,12/21/2015,12/26/2015,Second Class,SZ-20035,TEC-AC-10003198,637.44,8,0.2,135.46,154284
CA-2015-154284,12/21/2015,12/26/2015,Second Class,SZ-20035,FUR-FU-10003039,51.76,3,0.6,-33.64,154284
CA-2014-156244,8/12/2014,8/16/2014,Standard Class,DH-13675,OFF-AP-10002403,211.25,6,0.2,15.84,156244
US-2017-168802,11/3/2017,11/7/2017,Standard Class,JO-15145,OFF-BI-10002393,18.37,4,0.2,5.97,168802
CA-2016-166380,5/30/2016,6/3/2016,Standard Class,EB-13750,TEC-AC-10000109,111.98,2,0,26.88,166380
CA-2017-135419,11/3/2017,11/9/2017,Standard Class,BG-11740,FUR-TA-10001086,486.37,4,0.2,36.48,135419
CA-2016-149335,7/25/2016,7/25/2016,Same Day,BC-11125,OFF-AR-10001419,37.17,9,0,11.15,149335
CA-2014-168312,3/1/2014,3/7/2014,Standard Class,GW-14605,OFF-ST-10003692,137.35,3,0.2,8.58,168312
CA-2014-168312,3/1/2014,3/7/2014,Standard Class,GW-14605,FUR-TA-10001866,376.51,3,0.3,-43.03,168312
US-2017-105935,1/26/2017,1/31/2017,Standard Class,BD-11500,FUR-FU-10002157,62.72,4,0,24.46,105935
US-2017-105935,1/26/2017,1/31/2017,Standard Class,BD-11500,TEC-PH-10001459,2939.93,7,0,764.38,105935
CA-2014-161508,7/12/2014,7/16/2014,Standard Class,PV-18985,FUR-CH-10002126,512.36,3,0.3,-14.64,161508
CA-2017-130904,4/11/2017,4/16/2017,Standard Class,HM-14980,OFF-AR-10000422,1.75,1,0.2,0.15,130904
CA-2017-130904,4/11/2017,4/16/2017,Standard Class,HM-14980,OFF-AR-10000127,20.99,8,0.2,2.36,130904
US-2016-149790,9/26/2016,10/1/2016,Standard Class,SC-20380,OFF-BI-10002026,15.62,2,0.8,-25,149790
CA-2017-103478,7/21/2017,7/24/2017,Second Class,KL-16555,OFF-BI-10001890,2.86,4,0.8,-4.58,103478
CA-2017-103478,7/21/2017,7/24/2017,Second Class,KL-16555,OFF-BI-10004224,94.19,7,0.8,-164.84,103478
CA-2016-153269,3/9/2016,3/12/2016,First Class,PS-18760,OFF-BI-10004632,51.8,4,0,23.31,153269
CA-2017-161655,5/13/2017,5/18/2017,Second Class,CW-11905,OFF-BI-10002082,299.52,9,0,149.76,161655
CA-2016-101469,7/2/2016,7/8/2016,Standard Class,KH-16360,OFF-AR-10003986,7.7,2,0,3.16,101469
CA-2014-153087,12/27/2014,1/3/2015,Standard Class,TC-20980,TEC-AC-10003198,498,5,0,184.26,153087
CA-2017-135076,4/13/2017,4/17/2017,Standard Class,YS-21880,FUR-CH-10003774,436.7,6,0.2,-38.21,135076
CA-2016-132549,11/25/2016,11/30/2016,Standard Class,JK-15370,OFF-ST-10001325,73.36,7,0,19.81,132549
US-2014-155544,3/21/2014,3/25/2014,Standard Class,GM-14440,FUR-CH-10000422,218.38,3,0.2,-10.92,155544
US-2015-115238,4/30/2015,5/4/2015,Standard Class,JW-15220,FUR-FU-10002445,9.48,1,0,3.79,115238
US-2015-115238,4/30/2015,5/4/2015,Standard Class,JW-15220,TEC-PH-10001300,209.5,10,0,58.66,115238
US-2015-115238,4/30/2015,5/4/2015,Standard Class,JW-15220,FUR-FU-10001025,24.3,5,0,10.45,115238
CA-2017-132199,5/3/2017,5/8/2017,Standard Class,BO-11350,FUR-FU-10004245,32.45,2,0.2,7.3,132199
CA-2017-132199,5/3/2017,5/8/2017,Standard Class,BO-11350,OFF-BI-10003684,26.39,4,0.7,-17.59,132199
CA-2017-132199,5/3/2017,5/8/2017,Standard Class,BO-11350,FUR-TA-10003748,373.47,5,0.4,-112.04,132199
CA-2014-110555,4/11/2014,4/18/2014,Standard Class,MM-18055,OFF-ST-10000876,87.08,7,0,24.38,110555
CA-2014-110555,4/11/2014,4/18/2014,Standard Class,MM-18055,TEC-AC-10003399,217.44,6,0,91.32,110555
CA-2017-147207,1/2/2017,1/4/2017,Second Class,TS-21655,OFF-AP-10000027,5.43,2,0.8,-13.58,147207
CA-2017-147207,1/2/2017,1/4/2017,Second Class,TS-21655,OFF-ST-10002615,372.14,3,0.2,27.91,147207
CA-2017-137631,4/28/2017,5/2/2017,Standard Class,JL-15235,TEC-PH-10002624,751.98,2,0.2,84.6,137631
CA-2017-157273,1/30/2017,2/2/2017,First Class,SZ-20035,TEC-PH-10002275,604.77,4,0.2,60.48,157273
CA-2014-109918,9/7/2014,9/12/2014,Second Class,LR-17035,OFF-PA-10000174,20.56,2,0,9.66,109918
CA-2014-165393,12/27/2014,12/30/2014,First Class,NC-18415,OFF-BI-10001658,4.98,1,0.8,-8.47,165393
CA-2016-152940,11/10/2016,11/13/2016,First Class,RO-19780,OFF-ST-10000352,29.74,1,0,4.46,152940
CA-2015-158701,1/5/2015,1/10/2015,Standard Class,JL-15175,OFF-AP-10004859,87.36,6,0,23.59,158701
CA-2015-158701,1/5/2015,1/10/2015,Standard Class,JL-15175,OFF-BI-10001294,56.16,6,0.2,17.55,158701
CA-2017-156272,3/21/2017,3/27/2017,Standard Class,PW-19030,OFF-AP-10001242,64.38,1,0.2,8.05,156272
CA-2015-162964,11/12/2015,11/18/2015,Standard Class,MF-18250,OFF-EN-10003055,223.89,7,0.2,69.96,162964
CA-2016-163048,2/8/2016,2/15/2016,Standard Class,MH-17440,FUR-CH-10001270,241.5,4,0.3,0,163048
CA-2015-149601,5/28/2015,6/3/2015,Standard Class,TB-21625,OFF-ST-10001558,16.24,1,0,2.44,149601
CA-2016-102596,12/27/2016,12/30/2016,First Class,RD-19810,OFF-FA-10000621,17.18,6,0.2,6.23,102596
CA-2016-142594,12/1/2016,12/6/2016,Second Class,EJ-14155,FUR-TA-10001095,366.01,3,0.3,-47.06,142594
CA-2014-152254,6/30/2014,6/30/2014,Same Day,BD-11620,OFF-PA-10001144,310.69,7,0.2,108.74,152254
US-2014-120236,9/3/2014,9/4/2014,First Class,MR-17545,OFF-BI-10004099,7.68,5,0.8,-11.52,120236
CA-2015-110814,12/5/2015,12/9/2015,Second Class,BD-11635,FUR-CH-10003535,164.65,3,0.1,12.81,110814
CA-2015-110814,12/5/2015,12/9/2015,Second Class,BD-11635,OFF-PA-10004156,22.68,2,0,11.11,110814
CA-2017-140480,7/8/2017,7/12/2017,Standard Class,HE-14800,TEC-AC-10002473,141.9,5,0,58.18,140480
CA-2015-134082,12/11/2015,12/17/2015,Standard Class,JK-15640,OFF-BI-10004230,110.53,4,0.2,38.68,134082
CA-2016-130820,11/15/2016,11/15/2016,Same Day,ON-18715,FUR-TA-10001768,630.02,4,0.4,-199.51,130820
CA-2016-159765,5/9/2016,5/12/2016,Second Class,TH-21100,OFF-AR-10003514,27.86,7,0,9.19,159765
CA-2017-132290,3/10/2017,3/14/2017,Standard Class,MD-17350,FUR-TA-10002228,933.41,4,0.3,-173.35,132290
CA-2016-147109,12/17/2016,12/21/2016,Standard Class,AH-10075,TEC-AC-10002942,165.6,3,0.2,-6.21,147109
CA-2017-118199,5/9/2017,5/11/2017,First Class,LB-16795,OFF-BI-10004330,147.92,5,0.2,46.22,118199
CA-2017-118199,5/9/2017,5/11/2017,First Class,LB-16795,FUR-TA-10004154,286.85,1,0,63.11,118199
CA-2017-150091,10/12/2017,10/16/2017,Standard Class,NP-18670,FUR-BO-10003404,2154.9,5,0,129.29,150091
CA-2015-128356,10/2/2015,10/7/2015,Standard Class,RP-19390,OFF-SU-10004290,10.94,2,0.2,0.96,128356
US-2017-132220,11/12/2017,11/16/2017,Standard Class,DJ-13510,TEC-AC-10004227,62.35,6,0.2,-10.91,132220
CA-2016-118129,12/19/2016,12/21/2016,Second Class,CL-12565,FUR-FU-10004904,303.92,5,0.2,-30.39,118129
CA-2017-155621,11/8/2017,11/13/2017,Standard Class,KN-16450,FUR-FU-10003535,274.2,10,0,112.42,155621
US-2014-127635,9/14/2014,9/18/2014,Second Class,SC-20260,OFF-BI-10001721,8.55,2,0.8,-13.68,127635
CA-2014-108861,5/28/2014,6/1/2014,Standard Class,MM-17260,OFF-BI-10003876,136.96,4,0.2,51.36,108861
CA-2017-145779,5/6/2017,5/10/2017,Standard Class,DB-13615,OFF-PA-10002254,84.42,4,0.2,27.44,145779
US-2016-155173,3/6/2016,3/10/2016,Standard Class,JB-16045,TEC-PH-10004586,431.94,2,0.4,-71.99,155173
US-2016-155173,3/6/2016,3/10/2016,Standard Class,JB-16045,OFF-BI-10002982,2.04,1,0.7,-1.5,155173
US-2016-155173,3/6/2016,3/10/2016,Standard Class,JB-16045,TEC-PH-10002538,68.24,3,0.4,-12.51,155173
CA-2017-125451,10/23/2017,10/24/2017,First Class,AH-10075,FUR-TA-10001039,240.74,4,0.3,-13.76,125451
CA-2017-125451,10/23/2017,10/24/2017,First Class,AH-10075,OFF-PA-10003724,43.44,8,0,21.29,125451
CA-2017-125451,10/23/2017,10/24/2017,First Class,AH-10075,OFF-AP-10002906,2.22,1,0,0.67,125451
CA-2014-131387,4/28/2014,4/30/2014,First Class,AI-10855,TEC-PH-10001459,1679.96,5,0.2,126,131387
CA-2016-125087,4/18/2016,4/23/2016,Standard Class,TH-21115,OFF-ST-10001780,1554.94,3,0.2,77.75,125087
US-2017-118556,5/28/2017,6/2/2017,Second Class,TH-21235,FUR-CH-10001146,106.87,3,0.3,-29.01,118556
CA-2014-126200,8/25/2014,8/29/2014,Standard Class,JE-15715,OFF-BI-10002225,12.38,3,0.8,-19.81,126200
CA-2015-169537,9/3/2015,9/7/2015,Second Class,JH-15820,OFF-LA-10001982,7.5,2,0,3.6,169537
CA-2015-101000,4/9/2015,4/14/2015,Standard Class,IG-15085,OFF-AP-10000179,370.14,3,0,144.35,101000
US-2016-164196,11/11/2016,11/17/2016,Standard Class,AS-10285,FUR-TA-10001950,2678.94,6,0,241.1,164196
US-2017-132031,4/23/2017,4/27/2017,Standard Class,PN-18775,TEC-AC-10002473,45.41,2,0.2,11.92,132031
CA-2015-169733,10/22/2015,10/26/2015,Second Class,GM-14500,OFF-ST-10000876,9.95,1,0.2,1,169733
CA-2017-169404,4/9/2017,4/14/2017,Standard Class,NC-18625,OFF-BI-10004492,37.9,4,0.7,-29.05,169404
CA-2015-145758,10/30/2015,10/30/2015,Same Day,BF-11020,TEC-MA-10004552,1035.8,4,0,269.31,145758
CA-2014-109890,7/21/2014,7/27/2014,Standard Class,PG-18820,TEC-PH-10004100,35.98,2,0,10.07,109890
CA-2017-142391,9/24/2017,9/24/2017,Same Day,PB-19150,FUR-FU-10002759,199.8,10,0,71.93,142391
CA-2017-124716,3/27/2017,3/31/2017,Standard Class,BD-11560,OFF-PA-10000859,11.94,3,0,5.97,124716
CA-2016-158841,2/2/2016,2/4/2016,Second Class,SE-20110,TEC-MA-10001127,8749.95,5,0,2799.98,158841
CA-2015-109190,10/23/2015,10/28/2015,Standard Class,CC-12685,OFF-PA-10000069,60.74,8,0.2,20.5,109190
CA-2015-109190,10/23/2015,10/28/2015,Standard Class,CC-12685,TEC-CO-10001943,479.98,3,0.2,161.99,109190
CA-2014-169061,3/5/2014,3/8/2014,Second Class,AB-10150,OFF-SU-10000381,18.62,2,0,5.4,169061
CA-2016-130400,3/8/2016,3/12/2016,Standard Class,SJ-20125,TEC-AC-10004633,27.96,5,0.2,8.39,130400
CA-2015-135853,12/11/2015,12/14/2015,First Class,CA-12775,TEC-AC-10004761,175.23,11,0,61.33,135853
CA-2015-135853,12/11/2015,12/14/2015,First Class,CA-12775,OFF-BI-10004965,23,2,0,10.35,135853
CA-2016-144645,2/2/2016,2/8/2016,Standard Class,NS-18640,FUR-FU-10003601,73.78,2,0.6,-77.47,144645
CA-2015-122168,8/21/2015,8/26/2015,Standard Class,HG-14965,OFF-AR-10002053,35.76,12,0,10.01,122168
CA-2017-149720,6/4/2017,6/7/2017,Second Class,EM-14065,FUR-FU-10002501,30.34,6,0.6,-17.44,149720
CA-2017-118003,12/4/2017,12/10/2017,Standard Class,DO-13645,FUR-CH-10003817,182.22,3,0,45.56,118003
CA-2016-141887,1/11/2016,1/15/2016,Standard Class,MP-17470,FUR-FU-10002268,54.99,14,0.2,8.94,141887
CA-2017-133074,9/21/2017,9/25/2017,Standard Class,DB-13615,OFF-PA-10004082,55.86,7,0,27.93,133074
CA-2017-161172,3/16/2017,3/16/2017,Same Day,SP-20920,TEC-PH-10004348,44.38,2,0.4,-7.4,161172
CA-2017-161172,3/16/2017,3/16/2017,Same Day,SP-20920,FUR-FU-10003424,51.26,6,0.2,7.69,161172
CA-2017-161172,3/16/2017,3/16/2017,Same Day,SP-20920,OFF-BI-10004654,5.19,3,0.7,-3.46,161172
CA-2017-137624,11/10/2017,11/17/2017,Standard Class,ME-17320,FUR-CH-10001714,241.42,2,0.2,-36.21,137624
CA-2016-156748,11/30/2016,12/6/2016,Standard Class,BS-11755,OFF-ST-10001370,496.86,7,0,24.84,156748
US-2014-163146,5/16/2014,5/20/2014,Standard Class,CC-12475,TEC-AC-10002217,56.4,3,0,3.38,163146
CA-2015-157287,12/22/2015,12/23/2015,First Class,HR-14830,FUR-CH-10001270,422.62,7,0.3,0,157287
CA-2015-121132,7/17/2015,7/24/2015,Standard Class,VB-21745,OFF-FA-10004248,14.43,4,0.2,3.43,121132
CA-2014-140473,5/30/2014,6/3/2014,Standard Class,MC-17425,TEC-CO-10004202,719.98,3,0.2,135,140473
US-2017-102904,11/13/2017,11/20/2017,Standard Class,CB-12025,TEC-AC-10000927,239.92,8,0,23.99,102904
CA-2015-117884,3/22/2015,3/22/2015,Same Day,DC-13285,OFF-ST-10002182,150.41,9,0.2,-33.84,117884
CA-2016-132829,12/23/2016,12/26/2016,Second Class,LA-16780,TEC-PH-10004912,131.88,3,0.2,14.84,132829
CA-2016-123540,4/2/2016,4/6/2016,Second Class,DJ-13420,FUR-CH-10000847,1454.9,5,0,378.27,123540
US-2017-108315,4/30/2017,5/4/2017,Standard Class,MH-18115,FUR-FU-10000747,220.7,6,0.2,-8.28,108315
CA-2016-162390,12/6/2016,12/12/2016,Standard Class,DP-13105,OFF-BI-10004318,968.74,7,0.2,314.84,162390
CA-2016-162390,12/6/2016,12/12/2016,Standard Class,DP-13105,OFF-BI-10001721,222.35,13,0.2,77.82,162390
CA-2014-121629,11/28/2014,12/2/2014,Standard Class,BT-11680,TEC-MA-10004679,998.85,5,0.4,-199.77,121629
CA-2017-101273,8/27/2017,8/30/2017,Second Class,ST-20530,OFF-AP-10000804,14.34,4,0.2,0.9,101273
CA-2017-146164,12/22/2017,12/26/2017,Standard Class,CM-12190,FUR-TA-10004915,607.52,2,0,97.2,146164
CA-2017-146164,12/22/2017,12/26/2017,Standard Class,CM-12190,OFF-ST-10001228,31.16,2,0,7.79,146164
CA-2017-101700,4/23/2017,4/26/2017,First Class,SO-20335,FUR-FU-10001025,11.66,3,0.2,3.35,101700
CA-2017-159667,11/9/2017,11/13/2017,Standard Class,PM-19135,TEC-PH-10004094,499.17,4,0.2,31.2,159667
CA-2014-111934,5/5/2014,5/7/2014,First Class,GD-14590,OFF-BI-10004364,11.88,2,0,5.35,111934
CA-2014-141110,11/26/2014,12/1/2014,Standard Class,LS-17200,OFF-BI-10002012,4.32,3,0.2,1.51,141110
CA-2014-141110,11/26/2014,12/1/2014,Standard Class,LS-17200,OFF-AP-10000692,40.54,2,0,11.35,141110
US-2014-133949,12/31/2014,12/31/2014,Same Day,JL-15175,TEC-PH-10004908,475.94,7,0.2,59.49,133949
US-2016-116365,1/3/2016,1/8/2016,Standard Class,CA-12310,TEC-AC-10002217,30.08,2,0.2,-5.26,116365
CA-2017-162936,8/18/2017,8/22/2017,Standard Class,CM-12160,TEC-AC-10003614,23.18,2,0,7.65,162936
CA-2014-151946,6/4/2014,6/9/2014,Standard Class,BT-11440,FUR-FU-10002878,56.96,2,0,21.08,151946
CA-2016-165918,9/10/2016,9/14/2016,Standard Class,BD-11770,OFF-BI-10004364,14.26,3,0.2,4.46,165918
CA-2016-165918,9/10/2016,9/14/2016,Standard Class,BD-11770,OFF-BI-10004826,39.62,3,0.2,13.87,165918
CA-2017-132437,9/8/2017,9/13/2017,Second Class,EM-14095,OFF-ST-10001031,65.12,4,0,16.93,132437
US-2016-114230,11/27/2016,12/1/2016,Standard Class,CM-12235,OFF-ST-10000876,39.81,4,0.2,3.98,114230
CA-2015-164084,9/7/2015,9/12/2015,Standard Class,AG-10525,FUR-TA-10003569,481.18,2,0.4,-120.29,164084
CA-2016-107783,7/28/2016,7/29/2016,First Class,OT-18730,FUR-BO-10004409,177.45,5,0.5,-78.08,107783
CA-2017-159793,8/25/2017,8/29/2017,Standard Class,SV-20365,FUR-BO-10001798,130.98,2,0.5,-89.07,159793
CA-2014-160094,4/30/2014,5/2/2014,First Class,JM-16195,OFF-ST-10000585,826,5,0,214.76,160094
CA-2017-151281,4/27/2017,5/2/2017,Standard Class,HM-14980,FUR-FU-10000397,139.58,7,0,39.08,151281
US-2017-148551,1/12/2017,1/16/2017,Standard Class,DB-13120,OFF-BI-10000545,760.98,5,0.8,-1141.47,148551
CA-2017-147767,12/2/2017,12/2/2017,Same Day,SV-20935,OFF-BI-10001670,67.86,6,0.7,-45.24,147767
CA-2015-108259,11/8/2015,11/15/2015,Standard Class,NS-18640,OFF-BI-10000315,39.88,7,0.7,-29.24,108259
US-2015-131842,12/5/2015,12/8/2015,First Class,RR-19525,FUR-CH-10004477,97.42,2,0.2,10.96,131842
CA-2014-142769,9/13/2014,9/13/2014,Same Day,RP-19390,OFF-FA-10000840,5.7,5,0,2.68,142769
CA-2014-142769,9/13/2014,9/13/2014,Same Day,RP-19390,FUR-FU-10001918,14.19,3,0,5.53,142769
CA-2014-142769,9/13/2014,9/13/2014,Same Day,RP-19390,TEC-AC-10003399,144.96,4,0,60.88,142769
CA-2014-142769,9/13/2014,9/13/2014,Same Day,RP-19390,TEC-AC-10000865,118,2,0,20.06,142769
CA-2014-142769,9/13/2014,9/13/2014,Same Day,RP-19390,OFF-AP-10004785,22.66,2,0,9.74,142769
CA-2016-168361,6/21/2016,6/25/2016,Standard Class,KB-16600,OFF-BI-10003727,0.84,1,0.8,-1.34,168361
CA-2015-131856,5/12/2015,5/17/2015,Standard Class,JG-15160,FUR-FU-10000175,21.97,4,0.6,-15.93,131856
CA-2015-131856,5/12/2015,5/17/2015,Standard Class,JG-15160,TEC-PH-10001336,619.15,6,0.2,69.65,131856
CA-2015-131856,5/12/2015,5/17/2015,Standard Class,JG-15160,OFF-PA-10001954,127.9,7,0.2,41.57,131856
CA-2016-118500,11/17/2016,11/18/2016,First Class,HJ-14875,OFF-SU-10004231,49.5,5,0,13.36,118500
US-2014-159611,12/27/2014,1/1/2015,Second Class,KB-16315,FUR-FU-10004904,182.35,3,0.2,-18.24,159611
CA-2017-163265,2/16/2017,2/21/2017,Standard Class,JS-16030,OFF-AR-10004078,28.03,6,0.2,3.5,163265
CA-2017-163265,2/16/2017,2/21/2017,Standard Class,JS-16030,FUR-FU-10004270,7.69,1,0.6,-3.65,163265
CA-2017-141705,10/24/2017,10/26/2017,First Class,PO-18850,FUR-TA-10004607,517.4,5,0.3,-81.31,141705
CA-2016-112739,9/2/2016,9/7/2016,Second Class,RD-19810,OFF-BI-10001132,8.61,8,0.8,-13.34,112739
CA-2016-143805,12/1/2016,12/3/2016,Second Class,JD-15895,OFF-AP-10002945,2104.55,7,0,694.5,143805
CA-2016-143805,12/1/2016,12/3/2016,Second Class,JD-15895,OFF-SU-10004664,40.7,5,0,11.8,143805
CA-2016-155446,12/16/2016,12/23/2016,Standard Class,TN-21040,TEC-AC-10001445,21.21,7,0,4.45,155446
CA-2017-137323,11/14/2017,11/18/2017,Second Class,PW-19030,OFF-ST-10003996,96.36,6,0,25.05,137323
CA-2016-136770,8/14/2016,8/18/2016,Standard Class,SP-20650,TEC-PH-10001530,247.19,2,0.4,-49.44,136770
CA-2016-118311,10/24/2016,10/28/2016,Standard Class,ED-13885,TEC-AC-10000892,450,5,0,162,118311
CA-2017-119284,6/15/2017,6/20/2017,Standard Class,TS-21205,FUR-FU-10004351,31.17,4,0.2,9.35,119284
CA-2017-119284,6/15/2017,6/20/2017,Standard Class,TS-21205,FUR-TA-10004152,120.96,2,0.4,-28.22,119284
CA-2017-119284,6/15/2017,6/20/2017,Standard Class,TS-21205,TEC-PH-10000560,2239.94,8,0.2,223.99,119284
CA-2017-119284,6/15/2017,6/20/2017,Standard Class,TS-21205,OFF-AP-10004249,76.61,8,0.2,6.7,119284
CA-2016-111318,7/23/2016,7/26/2016,First Class,IL-15100,TEC-PH-10004100,115.14,8,0.2,11.51,111318
US-2014-132745,10/1/2014,10/5/2014,Standard Class,NF-18475,OFF-FA-10000254,4.71,1,0,0,132745
CA-2014-119144,11/16/2014,11/18/2014,First Class,JD-16150,TEC-PH-10004188,79.97,4,0.2,-17.99,119144
CA-2014-119144,11/16/2014,11/18/2014,First Class,JD-16150,FUR-BO-10004015,305.97,3,0.15,25.2,119144
CA-2017-136623,7/11/2017,7/16/2017,Standard Class,TS-21430,TEC-PH-10000004,71.95,6,0.2,5.4,136623
CA-2016-120824,6/12/2016,6/16/2016,Second Class,AW-10930,FUR-CH-10000229,379.37,2,0.3,-119.23,120824
CA-2016-120824,6/12/2016,6/16/2016,Second Class,AW-10930,OFF-ST-10002562,67.54,9,0.2,6.75,120824
CA-2016-120824,6/12/2016,6/16/2016,Second Class,AW-10930,OFF-BI-10001525,1.52,2,0.8,-2.67,120824
US-2016-135209,12/29/2016,12/31/2016,Second Class,MH-17290,OFF-PA-10002986,37.41,7,0.2,13.09,135209
CA-2015-103870,12/27/2015,12/31/2015,Standard Class,SP-20860,TEC-AC-10002370,4.73,3,0.2,0.71,103870
CA-2015-103870,12/27/2015,12/31/2015,Standard Class,SP-20860,FUR-FU-10002030,53.35,3,0.2,16.01,103870
CA-2015-103870,12/27/2015,12/31/2015,Standard Class,SP-20860,FUR-BO-10002853,131.1,2,0.2,8.19,103870
CA-2015-111017,7/31/2015,8/6/2015,Standard Class,SC-20695,OFF-SU-10002573,52.59,3,0,15.78,111017
CA-2017-161592,4/6/2017,4/10/2017,Standard Class,CS-12175,OFF-BI-10003669,8.1,5,0.7,-5.94,161592
US-2017-131961,12/8/2017,12/11/2017,First Class,MJ-17740,TEC-PH-10001924,83.99,2,0.4,-21,131961
US-2015-144771,10/2/2015,10/4/2015,First Class,CK-12205,FUR-FU-10000629,11.03,1,0.2,3.03,144771
CA-2017-128076,2/2/2017,2/7/2017,Standard Class,BO-11350,FUR-FU-10000293,210.58,2,0,12.63,128076
US-2015-163825,6/16/2015,6/19/2015,First Class,LC-16885,OFF-BI-10003527,3050.38,3,0.2,1143.89,163825
US-2015-163825,6/16/2015,6/19/2015,First Class,LC-16885,TEC-PH-10004922,133.98,2,0,33.5,163825
CA-2016-105662,5/5/2016,5/9/2016,Standard Class,RB-19465,OFF-PA-10001001,93.25,4,0.2,31.47,105662
CA-2017-152198,9/9/2017,9/10/2017,First Class,JD-16015,OFF-BI-10003669,4.86,3,0.7,-3.56,152198
CA-2017-152198,9/9/2017,9/10/2017,First Class,JD-16015,OFF-BI-10001628,6.26,2,0.7,-5.22,152198
CA-2016-114307,7/22/2016,7/26/2016,Standard Class,MF-17665,OFF-BI-10002012,5.4,3,0,2.59,114307
CA-2016-159891,1/31/2016,2/6/2016,Standard Class,BF-11170,OFF-BI-10003527,1270.99,1,0,635.5,159891
CA-2016-159891,1/31/2016,2/6/2016,Standard Class,BF-11170,OFF-EN-10004483,125.36,8,0,58.92,159891
CA-2015-107083,11/21/2015,11/27/2015,Standard Class,BB-11545,OFF-BI-10000756,1.7,2,0.8,-2.54,107083
CA-2015-151722,10/5/2015,10/9/2015,Standard Class,IL-15100,TEC-AC-10000892,288,4,0.2,57.6,151722
CA-2016-151148,9/12/2016,9/13/2016,Same Day,PO-19180,TEC-PH-10001870,146.95,3,0.2,9.18,151148
CA-2016-151148,9/12/2016,9/13/2016,Same Day,PO-19180,FUR-CH-10002304,83.14,4,0.2,5.2,151148
CA-2017-115882,9/14/2017,9/17/2017,First Class,DB-13555,OFF-AP-10002534,942.78,4,0.2,94.28,115882
CA-2016-163636,12/5/2016,12/9/2016,Second Class,MP-18175,OFF-AR-10001547,3.54,2,0.2,0.31,163636
CA-2017-135377,12/13/2017,12/18/2017,Standard Class,BP-11095,FUR-BO-10004015,287.98,3,0.2,7.2,135377
CA-2015-165813,3/20/2015,3/22/2015,Second Class,BM-11785,OFF-ST-10004258,29.3,3,0.2,2.56,165813
CA-2015-133585,3/1/2015,3/4/2015,First Class,CM-12715,OFF-AR-10003696,55.33,2,0.2,6.22,133585
CA-2015-133585,3/1/2015,3/4/2015,First Class,CM-12715,FUR-BO-10001811,1228,6,0.32,-36.12,133585
CA-2016-116911,9/15/2016,9/20/2016,Standard Class,JD-16150,OFF-BI-10001249,20.42,4,0.2,6.64,116911
CA-2016-116911,9/15/2016,9/20/2016,Standard Class,JD-16150,FUR-TA-10003473,1128.39,3,0,259.53,116911
CA-2017-145765,5/28/2017,6/2/2017,Standard Class,CM-11815,TEC-AC-10000844,271.97,4,0.2,54.39,145765
CA-2017-126914,6/15/2017,6/19/2017,Standard Class,JE-15715,FUR-BO-10000468,77.73,2,0.2,-3.89,126914
CA-2015-169572,9/6/2015,9/12/2015,Standard Class,AG-10525,OFF-BI-10002799,46.62,9,0,21.45,169572
CA-2014-162992,12/19/2014,12/21/2014,First Class,BP-11095,OFF-FA-10004248,22.55,5,0,8.79,162992
CA-2014-162992,12/19/2014,12/21/2014,First Class,BP-11095,TEC-PH-10001944,583.8,5,0.2,72.98,162992
US-2016-150140,4/6/2016,4/10/2016,Standard Class,VM-21685,TEC-PH-10002555,1294.75,5,0,336.64,150140
CA-2016-140935,11/10/2016,11/12/2016,First Class,AB-10015,TEC-PH-10000562,221.98,2,0,62.15,140935
CA-2014-157644,12/31/2014,1/1/2015,First Class,AH-10030,TEC-AC-10003614,34.77,3,0,11.47,157644
US-2017-100398,8/19/2017,8/23/2017,Standard Class,DO-13435,OFF-BI-10002133,102.72,3,0.2,37.24,100398
US-2017-110646,10/26/2017,10/31/2017,Standard Class,JF-15190,OFF-BI-10004330,33.28,3,0.7,-27.74,110646
US-2017-110646,10/26/2017,10/31/2017,Standard Class,JF-15190,TEC-PH-10002807,118.65,5,0.4,19.78,110646
US-2016-140172,3/8/2016,3/13/2016,Standard Class,SP-20650,OFF-AP-10004233,207.14,3,0.1,48.33,140172
CA-2015-144274,11/23/2015,11/25/2015,Second Class,PW-19240,OFF-PA-10001583,44.1,6,0,20.73,144274
CA-2017-100622,11/3/2017,11/7/2017,Standard Class,DK-13090,OFF-BI-10002982,4.09,2,0.7,-3,100622
CA-2014-109680,10/6/2014,10/9/2014,First Class,VP-21760,OFF-ST-10001932,386.34,2,0,54.09,109680
CA-2016-167983,8/21/2016,8/24/2016,Second Class,RP-19270,OFF-BI-10003727,33.44,10,0.2,11.7,167983
US-2017-132675,9/24/2017,9/28/2017,Standard Class,KF-16285,TEC-PH-10003171,89.9,2,0,25.17,132675
CA-2017-156664,12/18/2017,12/23/2017,Standard Class,BP-11290,OFF-BI-10004209,7.24,3,0.7,-6.03,156664
CA-2017-156664,12/18/2017,12/23/2017,Standard Class,BP-11290,OFF-FA-10002988,4.82,3,0.2,1.75,156664
CA-2017-156664,12/18/2017,12/23/2017,Standard Class,BP-11290,OFF-AP-10004487,130.11,2,0.2,13.01,156664
CA-2015-140718,7/2/2015,7/4/2015,First Class,FA-14230,TEC-PH-10003505,74.24,1,0.2,8.35,140718
CA-2015-140718,7/2/2015,7/4/2015,First Class,FA-14230,FUR-FU-10000076,159.84,10,0.2,45.95,140718
US-2015-115343,9/22/2015,9/25/2015,First Class,FO-14305,OFF-SU-10000898,55.6,5,0.2,6.26,115343
CA-2017-135909,10/13/2017,10/20/2017,Standard Class,JW-15220,OFF-BI-10003527,5083.96,5,0.2,1906.48,135909
CA-2015-125934,9/11/2015,9/18/2015,Standard Class,SN-20560,OFF-AP-10003860,111.04,4,0,29.98,125934
CA-2014-120411,9/20/2014,9/23/2014,First Class,SB-20185,FUR-BO-10004218,493.43,5,0.3,-70.49,120411
CA-2016-158260,11/4/2016,11/8/2016,Standard Class,CC-12475,TEC-MA-10003176,686.4,2,0.2,77.22,158260
CA-2017-101805,12/1/2017,12/6/2017,Standard Class,SH-19975,FUR-FU-10000023,70.68,12,0,31.1,101805
US-2014-105137,10/10/2014,10/10/2014,Same Day,RB-19435,TEC-MA-10002694,101.99,2,0.7,-71.4,105137
US-2016-141264,8/13/2016,8/19/2016,Standard Class,CT-11995,OFF-AP-10002534,58.92,1,0.8,-153.2,141264
CA-2017-126928,9/17/2017,9/23/2017,Standard Class,GZ-14470,TEC-MA-10004626,480,4,0,225.6,126928
US-2015-107944,3/23/2015,3/25/2015,First Class,AM-10360,OFF-PA-10000659,192.72,11,0,92.51,107944
CA-2014-107398,8/25/2014,8/30/2014,Standard Class,BS-11590,OFF-BI-10001982,6.53,4,0.7,-4.57,107398
CA-2014-107398,8/25/2014,8/30/2014,Standard Class,BS-11590,OFF-BI-10004141,2.86,3,0.7,-2.29,107398
CA-2014-107398,8/25/2014,8/30/2014,Standard Class,BS-11590,OFF-BI-10002103,20.86,8,0.7,-16.68,107398
CA-2014-169642,7/27/2014,7/30/2014,Second Class,BB-10990,OFF-ST-10002574,276.28,2,0,0,169642
CA-2017-103968,12/1/2017,12/7/2017,Standard Class,ML-17755,FUR-FU-10003394,629.64,9,0,107.04,103968
CA-2016-147256,10/17/2016,10/21/2016,Second Class,FC-14245,TEC-PH-10003072,449.97,3,0,220.49,147256
CA-2016-147256,10/17/2016,10/21/2016,Second Class,FC-14245,OFF-AP-10003057,1927.59,7,0,751.76,147256
CA-2016-162159,9/16/2016,9/18/2016,First Class,CR-12625,FUR-CH-10001146,121.78,2,0,30.44,162159
CA-2015-111038,12/1/2015,12/6/2015,Standard Class,LC-16960,FUR-CH-10003973,2676.67,9,0.2,267.67,111038
CA-2014-124723,8/5/2014,8/12/2014,Standard Class,GZ-14470,FUR-TA-10001307,489.23,2,0.3,41.93,124723
CA-2016-167241,8/15/2016,8/22/2016,Standard Class,BD-11320,FUR-FU-10004071,312.03,3,0,43.68,167241
CA-2016-150483,5/31/2016,6/4/2016,Standard Class,BP-11290,FUR-CH-10000422,191.08,3,0.3,-38.22,150483
US-2016-126431,7/1/2016,7/1/2016,Same Day,SU-20665,OFF-LA-10001474,30.53,1,0,14.04,126431
US-2016-126431,7/1/2016,7/1/2016,Same Day,SU-20665,OFF-PA-10001950,75.06,9,0,33.78,126431
CA-2016-139934,12/18/2016,12/20/2016,First Class,AY-10555,TEC-PH-10001552,66.98,7,0.2,6.7,139934
CA-2017-102610,11/4/2017,11/8/2017,Standard Class,CA-12265,TEC-PH-10000127,143.93,9,0.2,-32.38,102610
US-2016-144057,5/9/2016,5/13/2016,Standard Class,CV-12805,OFF-ST-10001490,856.66,6,0.2,107.08,144057
CA-2014-160276,4/2/2014,4/8/2014,Standard Class,AH-10690,FUR-FU-10003192,177.68,2,0,46.2,160276
CA-2016-145709,10/4/2016,10/8/2016,Standard Class,AH-10690,FUR-FU-10002885,11.57,3,0.2,2.6,145709
CA-2017-133928,6/11/2017,6/17/2017,Standard Class,ZC-21910,OFF-BI-10001525,4.57,4,0.7,-3.81,133928
CA-2016-168032,1/30/2016,2/3/2016,Standard Class,DF-13135,FUR-TA-10004256,626.1,3,0.5,-538.45,168032
US-2015-168704,4/13/2015,4/17/2015,Standard Class,FP-14320,FUR-TA-10002530,211.37,2,0.3,-45.29,168704
CA-2017-143252,12/18/2017,12/24/2017,Standard Class,HE-14800,FUR-FU-10001057,99.95,5,0,22.99,143252
CA-2017-130036,8/27/2017,8/27/2017,Same Day,BP-11185,TEC-AC-10001908,1119.89,14,0.2,209.98,130036
CA-2015-134117,12/17/2015,12/19/2015,Second Class,PG-18895,TEC-PH-10004908,135.98,2,0.2,17,134117
CA-2015-134117,12/17/2015,12/19/2015,Second Class,PG-18895,OFF-BI-10002026,92.96,2,0.2,31.37,134117
CA-2014-130918,8/22/2014,8/24/2014,Second Class,JP-15520,OFF-SU-10003936,7.63,3,0.2,-1.81,130918
CA-2016-159023,11/3/2016,11/5/2016,First Class,NW-18400,TEC-MA-10003337,179.99,3,0.7,-251.99,159023
CA-2017-111717,10/10/2017,10/16/2017,Standard Class,SW-20245,FUR-CH-10001545,239.36,3,0.3,-47.87,111717
CA-2017-148355,12/24/2017,12/28/2017,Standard Class,NC-18535,OFF-BI-10000201,12.3,5,0,6.15,148355
CA-2014-132913,12/24/2014,12/26/2014,First Class,AS-10090,OFF-AP-10003278,13.97,1,0,3.63,132913
CA-2017-150910,12/22/2017,12/28/2017,Standard Class,JL-15130,FUR-TA-10002903,934.96,6,0.4,-249.32,150910
CA-2017-150910,12/22/2017,12/28/2017,Standard Class,JL-15130,OFF-AR-10001419,23.13,7,0.2,2.89,150910
CA-2017-150910,12/22/2017,12/28/2017,Standard Class,JL-15130,OFF-AP-10003266,59.24,5,0.2,16.29,150910
CA-2014-156790,8/8/2014,8/10/2014,Second Class,VG-21790,FUR-BO-10000468,155.46,4,0.2,-7.77,156790
CA-2017-105620,12/25/2017,12/28/2017,First Class,JH-15430,FUR-FU-10004963,21,3,0.2,5.78,105620
CA-2017-150266,11/25/2017,11/30/2017,Standard Class,RO-19780,TEC-PH-10003437,299.96,5,0.2,37.5,150266
CA-2016-134180,11/3/2016,11/7/2016,Standard Class,JP-16135,FUR-CH-10004886,470.16,7,0.3,-13.43,134180
CA-2014-166730,12/30/2014,1/1/2015,First Class,DD-13570,OFF-ST-10002554,39.13,1,0.2,-8.8,166730
CA-2017-157469,12/2/2017,12/7/2017,Standard Class,ES-14080,OFF-AR-10001662,19.73,9,0.2,1.73,157469
CA-2017-157469,12/2/2017,12/7/2017,Standard Class,ES-14080,TEC-PH-10004531,151.19,2,0.4,-25.2,157469
US-2014-149034,11/19/2014,11/21/2014,First Class,RD-19900,TEC-AC-10003023,47.5,1,0.2,-1.19,149034
CA-2017-159226,4/25/2017,4/27/2017,Second Class,RL-19615,FUR-BO-10004709,344.98,7,0.15,28.41,159226
CA-2017-156622,11/23/2017,11/26/2017,First Class,JP-15460,FUR-TA-10003008,127.78,1,0.3,-31.03,156622
CA-2017-156622,11/23/2017,11/26/2017,First Class,JP-15460,OFF-BI-10003707,6.1,2,0.8,-9.16,156622
CA-2015-150413,10/19/2015,10/24/2015,Second Class,CS-11860,OFF-BI-10000404,1.72,1,0.8,-2.84,150413
CA-2016-110898,3/6/2016,3/12/2016,Standard Class,LC-16870,OFF-AP-10001626,2.33,3,0.8,-6.3,110898
CA-2016-110898,3/6/2016,3/12/2016,Standard Class,LC-16870,FUR-FU-10003773,159.04,5,0.6,-194.82,110898
CA-2015-123092,12/3/2015,12/7/2015,Standard Class,JG-15115,OFF-BI-10001718,95.97,5,0.7,-73.58,123092
US-2017-139577,10/1/2017,10/6/2017,Standard Class,TN-21040,TEC-AC-10004708,104.75,5,0,22,139577
CA-2017-159100,10/16/2017,10/21/2017,Standard Class,VP-21760,FUR-TA-10001950,1875.26,7,0.4,-968.88,159100
CA-2014-109043,8/15/2014,8/17/2014,First Class,CS-12355,OFF-AP-10004708,152.24,5,0.2,17.13,109043
US-2017-116491,11/11/2017,11/13/2017,First Class,PG-18820,TEC-PH-10004531,35.18,2,0.2,12.31,116491
CA-2017-122763,3/20/2017,3/20/2017,Same Day,HG-14845,OFF-PA-10002377,274.06,7,0.2,102.77,122763
CA-2014-103807,12/2/2014,12/9/2014,Standard Class,EM-13825,TEC-AC-10000199,5.95,1,0,0.83,103807
CA-2015-102855,4/5/2015,4/6/2015,Same Day,JF-15415,TEC-AC-10001767,239.94,6,0,26.39,102855
CA-2017-107825,11/18/2017,11/18/2017,Same Day,NB-18655,OFF-ST-10000777,37.76,1,0,10.57,107825
CA-2017-107825,11/18/2017,11/18/2017,Same Day,NB-18655,FUR-FU-10000206,5.82,2,0,2.74,107825
CA-2017-106047,7/12/2017,7/18/2017,Standard Class,CS-11860,OFF-PA-10000791,3.82,1,0.2,1.19,106047
CA-2016-121447,2/21/2016,2/22/2016,First Class,EA-14035,FUR-FU-10001861,135.8,7,0,66.54,121447
CA-2017-143084,3/18/2017,3/22/2017,Standard Class,BP-11050,OFF-EN-10003072,19.4,5,0,9.31,143084
CA-2016-131639,12/17/2016,12/23/2016,Standard Class,NS-18640,OFF-BI-10001636,13.49,2,0.2,4.38,131639
CA-2015-129525,11/15/2015,11/20/2015,Standard Class,VP-21760,OFF-BI-10002133,166.92,13,0.7,-116.84,129525
US-2016-141880,8/22/2016,8/23/2016,First Class,TC-21475,FUR-FU-10001979,98.33,3,0.2,9.83,141880
CA-2015-165799,6/29/2015,7/2/2015,First Class,SG-20470,FUR-CH-10001482,117.88,1,0.1,1.31,165799
CA-2016-102127,6/26/2016,7/2/2016,Standard Class,VP-21760,TEC-AC-10002018,20.97,3,0,9.02,102127
CA-2017-128041,9/1/2017,9/1/2017,Same Day,RW-19540,OFF-AP-10001005,314.6,4,0,103.82,128041
CA-2017-128041,9/1/2017,9/1/2017,Same Day,RW-19540,FUR-TA-10002607,283.56,4,0,45.37,128041
CA-2017-105823,6/22/2017,6/26/2017,Standard Class,RB-19465,FUR-CH-10000454,487.96,2,0,146.39,105823
CA-2015-148873,10/1/2015,10/5/2015,Standard Class,EM-13960,OFF-BI-10003196,2.99,4,0.8,-4.49,148873
CA-2015-148873,10/1/2015,10/5/2015,Standard Class,EM-13960,TEC-AC-10003657,108.77,4,0.2,2.72,148873
CA-2016-117121,12/17/2016,12/21/2016,Standard Class,AB-10105,OFF-BI-10000545,9892.74,13,0,4946.37,117121
CA-2014-138177,9/19/2014,9/24/2014,Standard Class,ND-18460,FUR-TA-10004607,73.92,1,0.5,-45.83,138177
CA-2014-114335,9/28/2014,10/3/2014,Standard Class,XP-21865,FUR-FU-10000277,337.09,4,0.2,16.85,114335
CA-2017-137463,12/16/2017,12/20/2017,Second Class,KM-16225,TEC-AC-10000358,189.95,5,0,45.59,137463
CA-2017-137463,12/16/2017,12/20/2017,Second Class,KM-16225,OFF-AR-10001988,29.95,5,0,8.69,137463
CA-2014-124513,9/21/2014,9/25/2014,Standard Class,SL-20155,OFF-AR-10002956,66.03,3,0,17.17,124513
CA-2014-141838,3/26/2014,3/31/2014,Second Class,DK-12835,TEC-PH-10004100,28.78,2,0.2,2.88,141838
CA-2015-160227,11/2/2015,11/4/2015,First Class,ED-13885,FUR-CH-10002073,2621.32,11,0.1,553.39,160227
CA-2015-149097,10/20/2015,10/24/2015,Standard Class,SV-20785,FUR-TA-10001086,364.78,3,0.2,27.36,149097
CA-2016-132304,6/14/2016,6/18/2016,Standard Class,AR-10825,FUR-TA-10004619,1115.17,7,0,334.55,132304
CA-2015-136420,11/20/2015,11/21/2015,First Class,CS-12250,OFF-BI-10002854,89.7,4,0.2,33.64,136420
CA-2016-101623,2/28/2016,3/6/2016,Standard Class,RR-19525,OFF-FA-10003495,36.48,6,0,18.24,101623
US-2014-151015,10/14/2014,10/20/2014,Standard Class,BD-11500,OFF-PA-10002581,322.19,13,0.2,100.68,151015
CA-2017-152968,5/26/2017,5/30/2017,Standard Class,BM-11785,TEC-AC-10000521,23.08,2,0,6.92,152968
CA-2016-142524,9/4/2016,9/8/2016,Standard Class,MB-18085,TEC-AC-10000109,279.95,5,0,67.19,142524
CA-2014-136336,4/21/2014,4/26/2014,Standard Class,DB-13555,OFF-ST-10002574,828.84,6,0,0,136336
US-2015-136259,11/5/2015,11/8/2015,First Class,CB-12415,OFF-SU-10004661,27.2,4,0.2,2.04,136259
CA-2016-108105,2/16/2016,2/23/2016,Standard Class,GW-14605,FUR-FU-10003773,318.08,4,0,34.99,108105
CA-2016-143406,9/26/2016,9/30/2016,Standard Class,LR-17035,OFF-AP-10001564,93.03,2,0.8,-251.19,143406
CA-2016-143406,9/26/2016,9/30/2016,Standard Class,LR-17035,FUR-CH-10000513,454.96,5,0.3,-136.49,143406
CA-2016-131093,9/17/2016,9/20/2016,Second Class,TS-21610,OFF-ST-10002790,295.4,5,0.2,-62.77,131093
US-2017-148831,10/13/2017,10/15/2017,First Class,AH-10210,OFF-ST-10002974,348.56,8,0,104.57,148831
CA-2015-162950,6/28/2015,7/3/2015,Second Class,DW-13585,FUR-BO-10001918,482.94,6,0.5,-376.69,162950
US-2015-132836,6/1/2015,6/5/2015,Standard Class,AJ-10945,OFF-BI-10004224,403.68,6,0,181.66,132836
CA-2017-152933,10/12/2017,10/16/2017,Standard Class,MG-17650,TEC-AC-10003033,791.88,3,0.2,128.68,152933
CA-2015-163181,11/7/2015,11/12/2015,Standard Class,AB-10105,OFF-AR-10001683,23.64,3,0.2,5.32,163181
CA-2015-163181,11/7/2015,11/12/2015,Standard Class,AB-10105,OFF-ST-10000129,177.65,2,0.2,-28.87,163181
CA-2015-132941,5/25/2015,5/28/2015,First Class,MM-18280,OFF-PA-10002160,32.37,7,0.2,11.73,132941
CA-2014-132010,10/13/2014,10/15/2014,First Class,MA-17995,OFF-ST-10003641,315.2,4,0,6.3,132010
CA-2014-132010,10/13/2014,10/15/2014,First Class,MA-17995,OFF-BI-10002432,15.18,3,0,7.13,132010
CA-2017-153045,1/19/2017,1/24/2017,Second Class,NS-18505,TEC-PH-10001817,429.6,2,0.4,-93.08,153045
CA-2017-153045,1/19/2017,1/24/2017,Second Class,NS-18505,OFF-PA-10003673,21.7,4,0.2,7.05,153045
US-2016-158288,11/26/2016,11/28/2016,Second Class,EH-13945,OFF-BI-10003364,78.76,9,0.7,-57.76,158288
CA-2015-157028,11/28/2015,12/3/2015,Standard Class,MA-17995,OFF-AR-10004441,8.28,2,0,3.48,157028
CA-2017-112473,5/25/2017,6/1/2017,Standard Class,JL-15505,OFF-ST-10002182,50.14,3,0.2,-11.28,112473
US-2017-147655,9/4/2017,9/5/2017,First Class,AS-10045,OFF-BI-10002931,88.07,7,0.7,-58.72,147655
CA-2016-130911,3/24/2016,3/26/2016,Second Class,DC-12850,FUR-BO-10004357,301.47,3,0.5,-241.18,130911
CA-2017-100055,5/28/2017,6/1/2017,Standard Class,MD-17860,OFF-AP-10001469,125.13,3,0,36.29,100055
CA-2015-157805,8/31/2015,9/4/2015,Standard Class,RH-19510,TEC-PH-10004447,555.96,5,0.2,41.7,157805
CA-2016-124254,4/12/2016,4/17/2016,Standard Class,TB-21175,OFF-ST-10000060,51.98,1,0.2,-5.2,124254
US-2017-166688,5/20/2017,5/26/2017,Standard Class,RD-19480,TEC-PH-10004094,1123.13,9,0.2,70.2,166688
US-2017-166688,5/20/2017,5/26/2017,Standard Class,RD-19480,OFF-AP-10000358,64.9,5,0,18.82,166688
US-2016-165505,1/23/2016,1/27/2016,Standard Class,CB-12535,OFF-ST-10001526,1564.29,13,0,406.72,165505
US-2014-157070,6/1/2014,6/6/2014,Standard Class,QJ-19255,OFF-BI-10001765,138.56,4,0,66.51,157070
US-2014-157070,6/1/2014,6/6/2014,Standard Class,QJ-19255,OFF-AP-10004859,65.52,5,0.1,12.38,157070
CA-2016-132990,8/1/2016,8/3/2016,Second Class,KM-16660,FUR-FU-10004864,19.31,2,0.2,3.14,132990
CA-2014-134215,8/4/2014,8/8/2014,Standard Class,ML-17395,OFF-AP-10001271,101.96,2,0,27.53,134215
CA-2014-134215,8/4/2014,8/8/2014,Standard Class,ML-17395,OFF-PA-10004353,259.74,13,0,124.68,134215
CA-2014-134215,8/4/2014,8/8/2014,Standard Class,ML-17395,TEC-AC-10002473,255.42,9,0,104.72,134215
CA-2016-118934,8/9/2016,8/14/2016,Standard Class,GH-14410,OFF-BI-10003314,4.34,3,0.7,-3.04,118934
CA-2016-160108,12/8/2016,12/12/2016,Standard Class,AG-10900,FUR-BO-10003450,405.86,7,0,32.47,160108
CA-2016-160108,12/8/2016,12/12/2016,Standard Class,AG-10900,FUR-CH-10002335,680.01,3,0,176.8,160108
CA-2015-164007,6/8/2015,6/12/2015,Standard Class,MG-17695,OFF-AP-10003849,143.13,2,0.8,-393.6,164007
CA-2016-100300,6/24/2016,6/26/2016,Second Class,MJ-17740,TEC-MA-10000984,4476.8,4,0.2,503.64,100300
CA-2016-140571,3/15/2016,3/19/2016,Standard Class,SJ-20125,OFF-PA-10001954,319.76,14,0,147.09,140571
US-2016-155768,12/1/2016,12/1/2016,Same Day,LB-16795,FUR-FU-10000448,31.96,2,0,1.6,155768
US-2016-155768,12/1/2016,12/1/2016,Same Day,LB-16795,OFF-ST-10002292,1112.94,3,0,222.59,155768
CA-2016-166618,11/14/2016,11/18/2016,Standard Class,DP-13000,OFF-AR-10001725,23.65,1,0,6.15,166618
CA-2017-156776,8/7/2017,8/11/2017,Standard Class,JL-15505,TEC-PH-10002415,707.88,3,0.2,44.24,156776
CA-2017-156776,8/7/2017,8/11/2017,Standard Class,JL-15505,OFF-BI-10000216,31.13,3,0.2,11.67,156776
CA-2017-156776,8/7/2017,8/11/2017,Standard Class,JL-15505,TEC-AC-10004803,55.76,4,0,7.81,156776
CA-2017-156776,8/7/2017,8/11/2017,Standard Class,JL-15505,FUR-CH-10002317,207.18,1,0.2,25.9,156776
CA-2017-156776,8/7/2017,8/11/2017,Standard Class,JL-15505,OFF-AP-10002534,1473.1,5,0,412.47,156776
US-2015-130512,8/21/2015,8/25/2015,Standard Class,SM-20320,OFF-ST-10002574,663.07,6,0.2,-165.77,130512
US-2015-130512,8/21/2015,8/25/2015,Standard Class,SM-20320,OFF-BI-10004519,99.59,2,0.7,-82.99,130512
CA-2015-141810,11/2/2015,11/7/2015,Standard Class,BB-10990,OFF-BI-10001524,29.37,7,0.8,-47,141810
CA-2014-146843,11/30/2014,12/6/2014,Standard Class,PB-19150,TEC-AC-10002550,102.24,4,0.2,-16.61,146843
CA-2014-103310,5/10/2014,5/15/2014,Standard Class,GM-14680,TEC-PH-10001817,1432,5,0.2,125.3,103310
CA-2014-103310,5/10/2014,5/15/2014,Standard Class,GM-14680,OFF-SU-10004737,41.04,6,0,11.08,103310
CA-2014-103310,5/10/2014,5/15/2014,Standard Class,GM-14680,FUR-CH-10002320,256.78,1,0.2,32.1,103310
CA-2016-152688,10/17/2016,10/20/2016,First Class,NR-18550,FUR-BO-10001337,120.98,1,0,12.1,152688
CA-2016-152688,10/17/2016,10/20/2016,First Class,NR-18550,OFF-BI-10004584,315.98,1,0,148.51,152688
CA-2017-140781,8/3/2017,8/7/2017,Standard Class,AB-10105,TEC-AC-10000682,39.82,3,0.2,7.47,140781
CA-2017-141747,8/3/2017,8/8/2017,Second Class,SC-20230,OFF-ST-10003996,16.06,1,0,4.18,141747
US-2017-120908,9/30/2017,10/2/2017,First Class,BF-10975,OFF-LA-10004677,20.66,7,0.2,6.97,120908
CA-2017-103765,11/24/2017,11/30/2017,Standard Class,JG-15310,OFF-AP-10002311,13.76,1,0.8,-24.77,103765
CA-2017-103212,10/13/2017,10/14/2017,First Class,MH-18025,FUR-TA-10003473,1504.52,4,0,346.04,103212
CA-2017-121160,11/4/2017,11/4/2017,Same Day,FM-14290,OFF-BI-10001308,7.54,6,0.8,-13.19,121160
CA-2017-121160,11/4/2017,11/4/2017,Same Day,FM-14290,OFF-BI-10004040,4.14,4,0.8,-6.42,121160
CA-2017-121160,11/4/2017,11/4/2017,Same Day,FM-14290,OFF-ST-10002485,52.75,3,0.2,-12.53,121160
CA-2017-140515,3/19/2017,3/24/2017,Standard Class,GZ-14545,OFF-AP-10001205,381.36,7,0,106.78,140515
CA-2017-133718,7/23/2017,7/26/2017,First Class,TB-21520,OFF-BI-10003429,15.19,3,0.2,5.51,133718
CA-2014-148383,12/27/2014,12/31/2014,Standard Class,RP-19390,OFF-BI-10003650,946.76,6,0.7,-694.29,148383
CA-2016-126732,9/2/2016,9/6/2016,Standard Class,LR-16915,FUR-FU-10001889,94.68,9,0,31.24,126732
CA-2016-126732,9/2/2016,9/6/2016,Standard Class,LR-16915,OFF-ST-10000321,23.67,3,0,0.95,126732
CA-2017-138156,2/11/2017,2/14/2017,First Class,MM-17260,FUR-FU-10003601,147.57,2,0.2,-3.69,138156
CA-2017-110310,10/27/2017,11/2/2017,Standard Class,NB-18655,OFF-PA-10001685,56.78,7,0.2,20.58,110310
CA-2017-110310,10/27/2017,11/2/2017,Standard Class,NB-18655,OFF-AR-10001662,6.58,3,0.2,0.58,110310
CA-2016-105354,12/2/2016,12/6/2016,Standard Class,PW-19030,OFF-BI-10001107,115.84,8,0,54.44,105354
CA-2014-168368,2/11/2014,2/15/2014,Second Class,GA-14725,FUR-CH-10001146,60.89,1,0,15.22,168368
CA-2014-168368,2/11/2014,2/15/2014,Second Class,GA-14725,OFF-BI-10004654,51.9,3,0,24.39,168368
CA-2015-124499,10/9/2015,10/13/2015,Standard Class,FM-14380,OFF-AP-10002191,269.91,5,0.1,53.98,124499
US-2017-128118,11/24/2017,12/1/2017,Standard Class,MY-17380,OFF-EN-10003448,64.85,7,0.2,24.32,128118
CA-2015-151869,9/25/2015,9/25/2015,Same Day,CS-11950,FUR-CH-10001545,102.58,1,0.1,6.84,151869
US-2017-102183,8/21/2017,8/28/2017,Standard Class,PK-19075,OFF-BI-10003476,32.09,7,0.2,11.23,102183
US-2017-102183,8/21/2017,8/28/2017,Standard Class,PK-19075,OFF-BI-10001359,4305.55,6,0.2,1453.12,102183
US-2014-134054,10/10/2014,10/10/2014,Same Day,FC-14335,OFF-AR-10000937,255.85,7,0,112.57,134054
CA-2016-113236,5/26/2016,5/29/2016,Second Class,CP-12085,OFF-ST-10000532,184.7,6,0.2,13.85,113236
CA-2016-113236,5/26/2016,5/29/2016,Second Class,CP-12085,TEC-AC-10001267,47.92,2,0.2,11.98,113236
CA-2017-122539,12/1/2017,12/5/2017,Standard Class,SC-20305,OFF-BI-10001759,8,7,0.7,-5.6,122539
CA-2017-122539,12/1/2017,12/5/2017,Standard Class,SC-20305,FUR-CH-10003379,398.97,2,0.3,-28.5,122539
CA-2016-160486,12/30/2016,1/4/2017,Standard Class,EH-14185,OFF-PA-10002421,72.22,4,0.2,25.28,160486
CA-2017-154011,6/19/2017,6/26/2017,Standard Class,DB-13270,FUR-TA-10000688,457.48,3,0.3,-84.96,154011
US-2017-165456,11/30/2017,12/3/2017,First Class,TB-21625,FUR-CH-10003981,1079.32,6,0.3,-15.42,165456
CA-2014-111857,4/23/2014,4/26/2014,Second Class,NM-18445,OFF-PA-10001878,48.91,1,0,22.99,111857
CA-2017-124114,3/2/2017,3/2/2017,Same Day,RS-19765,OFF-BI-10004022,0.56,1,0.8,-0.95,124114
US-2015-163433,4/18/2015,4/22/2015,Second Class,MP-17965,TEC-PH-10001870,97.97,2,0.2,6.12,163433
CA-2017-148642,3/6/2017,3/12/2017,Standard Class,DW-13540,OFF-AR-10000588,63.49,4,0.2,4.76,148642
CA-2015-111948,11/11/2015,11/11/2015,Same Day,AG-10495,OFF-ST-10003282,418.32,7,0,117.13,111948
CA-2015-111948,11/11/2015,11/11/2015,Same Day,AG-10495,OFF-AP-10002311,123.86,2,0.1,46.79,111948
CA-2016-161907,4/5/2016,4/9/2016,Standard Class,JH-16180,OFF-SU-10000646,769.18,4,0.2,-163.45,161907
CA-2017-124940,2/21/2017,2/26/2017,Standard Class,DK-13090,TEC-AC-10002076,47.9,1,0.2,-2.99,124940
US-2017-108343,7/20/2017,7/25/2017,Standard Class,AR-10825,FUR-CH-10002780,163.76,2,0.1,25.47,108343
US-2017-108343,7/20/2017,7/25/2017,Standard Class,AR-10825,FUR-FU-10000747,183.92,4,0,31.27,108343
US-2016-111563,11/4/2016,11/8/2016,Standard Class,SM-20005,FUR-FU-10002445,11.38,3,0.6,-5.69,111563
CA-2017-121853,9/23/2017,9/29/2017,Standard Class,DB-13660,OFF-PA-10003641,211.04,8,0,97.08,121853
CA-2017-121853,9/23/2017,9/29/2017,Standard Class,DB-13660,FUR-CH-10003973,594.82,2,0.2,59.48,121853
CA-2017-121853,9/23/2017,9/29/2017,Standard Class,DB-13660,OFF-BI-10000977,72.96,3,0.2,23.71,121853
US-2017-130687,9/7/2017,9/10/2017,First Class,PF-19225,TEC-PH-10002033,455.71,2,0.2,34.18,130687
CA-2015-164497,11/28/2015,11/30/2015,First Class,AJ-10945,OFF-AP-10004655,45.28,4,0,15.4,164497
CA-2017-127726,9/11/2017,9/13/2017,Second Class,SS-20410,OFF-AP-10002578,195.68,4,0,50.88,127726
CA-2014-155264,10/19/2014,10/22/2014,Second Class,RP-19270,OFF-BI-10003727,20.06,6,0.2,7.02,155264
CA-2014-155264,10/19/2014,10/22/2014,Second Class,RP-19270,TEC-PH-10001305,117.58,3,0.2,11.76,155264
CA-2017-109085,2/17/2017,2/20/2017,First Class,CK-12325,TEC-PH-10000526,57.59,1,0.4,-11.52,109085
CA-2016-114860,12/22/2016,12/28/2016,Standard Class,DN-13690,FUR-FU-10000277,842.72,8,0,202.25,114860
CA-2017-148411,9/24/2017,9/26/2017,First Class,RO-19780,OFF-PA-10002109,11.42,3,0.2,3.71,148411
CA-2016-168046,1/25/2016,1/28/2016,Second Class,JD-15895,FUR-TA-10001095,313.72,3,0.4,-99.35,168046
CA-2016-168046,1/25/2016,1/28/2016,Second Class,JD-15895,OFF-ST-10004337,428.68,7,0,0,168046
CA-2017-111591,3/21/2017,3/25/2017,Standard Class,PS-18970,OFF-BI-10004410,30.58,6,0.2,10.32,111591
CA-2017-111591,3/21/2017,3/25/2017,Standard Class,PS-18970,OFF-FA-10004838,13.02,7,0,0.39,111591
CA-2014-108147,6/8/2014,6/13/2014,Standard Class,RD-19480,OFF-BI-10003876,68.48,2,0.2,25.68,108147
CA-2014-108147,6/8/2014,6/13/2014,Standard Class,RD-19480,OFF-ST-10003470,1676.88,6,0,83.84,108147
CA-2017-113460,11/7/2017,11/9/2017,Second Class,KN-16390,FUR-CH-10000422,272.97,3,0,43.68,113460
CA-2016-149671,6/5/2016,6/9/2016,Standard Class,KB-16600,OFF-SU-10002537,61.38,6,0,15.96,149671
CA-2017-108756,12/25/2017,12/29/2017,Standard Class,PO-18865,TEC-AC-10003237,31.8,3,0,13.67,108756
CA-2017-155362,12/17/2017,12/21/2017,Standard Class,DP-13105,OFF-ST-10001031,32.56,2,0,8.47,155362
CA-2016-117625,5/10/2016,5/15/2016,Standard Class,GM-14500,OFF-EN-10001535,7.07,2,0.2,2.39,117625
CA-2014-154158,12/23/2014,12/27/2014,Second Class,CC-12670,OFF-ST-10000078,424.27,2,0.2,-10.61,154158
CA-2017-163097,8/27/2017,8/31/2017,Standard Class,SF-20200,FUR-FU-10004973,120.58,8,0.2,33.16,163097
US-2017-127292,1/19/2017,1/23/2017,Standard Class,RM-19375,OFF-PA-10001970,12.28,1,0,5.77,127292
US-2017-127292,1/19/2017,1/23/2017,Standard Class,RM-19375,OFF-EN-10001509,2.04,1,0,0.96,127292
CA-2015-130848,10/25/2015,10/25/2015,Same Day,DG-13300,FUR-CH-10000422,582.34,8,0.2,-29.12,130848
CA-2014-125997,9/20/2014,9/23/2014,First Class,MW-18220,TEC-PH-10003072,1349.91,9,0,661.46,125997
CA-2014-159814,6/24/2014,6/28/2014,Standard Class,LP-17080,FUR-FU-10001731,4.27,2,0.2,0.96,159814
CA-2016-105459,8/12/2016,8/17/2016,Second Class,NP-18700,FUR-TA-10001095,209.15,2,0.4,-66.23,105459
CA-2016-105459,8/12/2016,8/17/2016,Second Class,NP-18700,OFF-ST-10000078,1591.02,6,0,286.38,105459
CA-2014-152618,3/14/2014,3/17/2014,First Class,RB-19465,TEC-MA-10003626,574.91,2,0.3,156.05,152618
CA-2017-162789,9/22/2017,9/24/2017,Second Class,LC-17140,TEC-AC-10002842,1071,9,0,171.36,162789
CA-2017-162789,9/22/2017,9/24/2017,Second Class,LC-17140,FUR-FU-10004864,12.07,1,0,3.98,162789
US-2017-110149,12/10/2017,12/13/2017,First Class,WB-21850,OFF-BI-10000014,3.27,1,0.7,-2.51,110149
CA-2016-108959,3/10/2016,3/14/2016,Second Class,MH-17785,OFF-ST-10001272,104.7,1,0.2,6.54,108959
CA-2016-132017,9/26/2016,9/27/2016,First Class,MH-17620,OFF-BI-10004001,6.82,2,0.8,-11.59,132017
CA-2017-152926,10/2/2017,10/4/2017,Second Class,SC-20695,OFF-AP-10001947,21.98,6,0.8,-56.06,152926
CA-2014-116246,9/12/2014,9/17/2014,Second Class,LW-17215,FUR-CH-10002024,3785.29,6,0.1,420.59,116246
CA-2015-166219,8/28/2015,9/1/2015,Standard Class,BP-11185,FUR-TA-10004607,103.48,1,0.3,-16.26,166219
CA-2015-119627,8/17/2015,8/23/2015,Standard Class,SC-20725,TEC-AC-10001142,252.8,4,0.2,-31.6,119627
CA-2017-126144,7/31/2017,8/5/2017,Standard Class,GM-14680,TEC-PH-10001079,285.58,4,0.4,-57.12,126144
US-2014-154655,10/12/2014,10/17/2014,Standard Class,BP-11050,OFF-SU-10000898,22.24,2,0.2,2.5,154655
CA-2014-165477,12/29/2014,12/31/2014,Second Class,RE-19405,OFF-AP-10003281,48.36,5,0.2,6.04,165477
CA-2017-165904,4/7/2017,4/11/2017,Standard Class,HR-14770,OFF-AR-10003156,16.26,2,0.2,1.22,165904
CA-2017-136882,5/27/2017,6/3/2017,Standard Class,DN-13690,FUR-FU-10003664,477.3,5,0,138.42,136882
CA-2017-145506,6/3/2017,6/7/2017,Standard Class,MO-17800,OFF-ST-10004963,136.26,9,0,5.45,145506
CA-2015-129546,9/28/2015,10/5/2015,Standard Class,RP-19855,OFF-AP-10002495,186.15,3,0,55.84,129546
CA-2015-129546,9/28/2015,10/5/2015,Standard Class,RP-19855,OFF-BI-10004001,81.79,6,0.2,26.58,129546
CA-2015-129546,9/28/2015,10/5/2015,Standard Class,RP-19855,OFF-SU-10004884,47.19,3,0,13.69,129546
CA-2016-140977,6/16/2016,6/19/2016,Second Class,JL-15175,TEC-MA-10003493,91.48,1,0.5,-1.83,140977
CA-2017-151855,5/27/2017,6/3/2017,Standard Class,BW-11110,TEC-AC-10002380,27.19,3,0.2,0.34,151855
CA-2017-151855,5/27/2017,6/3/2017,Standard Class,BW-11110,OFF-BI-10004209,12.06,5,0.7,-10.05,151855
CA-2014-138240,10/9/2014,10/14/2014,Standard Class,SJ-20500,OFF-AR-10002135,144.6,3,0,41.93,138240
CA-2014-100867,10/19/2014,10/24/2014,Standard Class,EH-14125,TEC-PH-10004922,321.55,6,0.2,20.1,100867
CA-2017-102925,11/5/2017,11/10/2017,Second Class,CD-12280,OFF-BI-10002735,164.69,6,0.2,55.58,102925
CA-2017-102925,11/5/2017,11/10/2017,Second Class,CD-12280,FUR-CH-10004875,128.12,2,0.1,24.2,102925
CA-2017-102925,11/5/2017,11/10/2017,Second Class,CD-12280,FUR-FU-10004245,101.4,5,0,38.53,102925
CA-2015-100818,5/31/2015,6/5/2015,Second Class,JM-15265,FUR-FU-10002703,51.56,2,0.6,-61.87,100818
CA-2014-126193,9/7/2014,9/14/2014,Standard Class,SS-20410,OFF-FA-10000936,13.16,5,0.2,4.11,126193
CA-2014-126193,9/7/2014,9/14/2014,Standard Class,SS-20410,OFF-BI-10001249,3.83,3,0.8,-6.51,126193
CA-2014-126193,9/7/2014,9/14/2014,Standard Class,SS-20410,OFF-BI-10004632,304.99,5,0.8,-533.73,126193
CA-2016-164770,12/2/2016,12/4/2016,Second Class,MY-18295,FUR-BO-10003893,781.86,10,0.32,-137.98,164770
CA-2017-130505,10/12/2017,10/12/2017,Same Day,NF-18385,FUR-TA-10001932,673.34,3,0.3,-76.95,130505
CA-2015-156566,10/1/2015,10/4/2015,First Class,EM-13960,TEC-PH-10001817,572.8,2,0.2,50.12,156566
US-2016-102232,8/5/2016,8/11/2016,Standard Class,MF-17665,OFF-AR-10000538,197.05,7,0,59.12,102232
CA-2017-111738,1/3/2017,1/7/2017,Standard Class,CM-12385,OFF-BI-10004584,2022.27,8,0.2,682.52,111738
CA-2017-111738,1/3/2017,1/7/2017,Standard Class,CM-12385,OFF-AR-10000817,9.12,3,0,3.1,111738
CA-2017-163188,11/7/2017,11/7/2017,Same Day,EC-14050,OFF-BI-10000756,38.16,9,0,19.08,163188
CA-2016-105207,1/3/2016,1/8/2016,Standard Class,BO-11350,FUR-TA-10000617,1592.85,7,0,350.43,105207
CA-2017-118213,11/5/2017,11/7/2017,First Class,AB-10060,OFF-PA-10002615,4.41,1,0,2.03,118213
CA-2016-149237,5/26/2016,5/30/2016,Standard Class,CM-12235,FUR-FU-10002088,26.94,3,0,11.31,149237
CA-2016-101329,4/22/2016,4/29/2016,Standard Class,MM-17920,OFF-AR-10000614,32.13,9,0,8.35,101329
CA-2016-113607,10/14/2016,10/18/2016,Standard Class,PW-19030,TEC-PH-10004094,1091.93,7,0,272.98,113607
CA-2014-149104,4/5/2014,4/7/2014,Second Class,RD-19900,OFF-ST-10000991,689.82,6,0,20.69,149104
CA-2017-142461,5/30/2017,6/3/2017,Second Class,KT-16480,FUR-BO-10001811,204.67,1,0.32,-6.02,142461
CA-2016-125220,10/14/2016,10/19/2016,Standard Class,BE-11410,TEC-AC-10003033,1649.75,5,0,544.42,125220
CA-2014-100293,3/14/2014,3/18/2014,Standard Class,NF-18475,OFF-PA-10000176,91.06,6,0.2,31.87,100293
CA-2014-154165,2/17/2014,2/24/2014,Standard Class,DL-13315,OFF-AR-10003631,54.21,14,0.2,8.81,154165
CA-2015-123939,8/24/2015,8/26/2015,Second Class,MS-17710,TEC-PH-10000923,26.98,3,0.4,4.05,123939
US-2017-104451,5/8/2017,5/12/2017,Second Class,MM-18055,OFF-AP-10000692,81.08,4,0,22.7,104451
CA-2016-101189,2/4/2016,2/9/2016,Standard Class,JB-15400,OFF-ST-10004180,93.02,2,0,3.72,101189
CA-2014-169446,12/19/2014,12/25/2014,Standard Class,SG-20605,OFF-ST-10000419,32.59,3,0.2,-7.74,169446
CA-2017-156958,12/5/2017,12/6/2017,First Class,PB-18805,OFF-BI-10001543,172.75,6,0.2,60.46,156958
CA-2017-102729,10/26/2017,10/31/2017,Standard Class,BF-11215,OFF-ST-10000464,55.62,2,0.2,5.56,102729
CA-2016-116596,10/27/2016,10/31/2016,Standard Class,BW-11200,FUR-CH-10000553,427.64,14,0.1,80.78,116596
CA-2016-116596,10/27/2016,10/31/2016,Standard Class,BW-11200,OFF-FA-10000134,40.67,7,0,12.61,116596
CA-2016-148747,9/25/2016,9/27/2016,First Class,AS-10045,FUR-BO-10002613,477.67,2,0.15,84.29,148747
CA-2015-135251,8/6/2015,8/10/2015,Standard Class,RP-19270,OFF-LA-10004544,35.52,3,0.2,13.32,135251
CA-2015-135251,8/6/2015,8/10/2015,Standard Class,RP-19270,OFF-BI-10001097,6.23,5,0.8,-9.66,135251
CA-2015-135251,8/6/2015,8/10/2015,Standard Class,RP-19270,FUR-BO-10003965,369.2,3,0.32,-114.02,135251
CA-2016-131744,6/18/2016,6/20/2016,Second Class,SC-20770,OFF-BI-10003910,4.63,2,0.7,-3.86,131744
CA-2016-131744,6/18/2016,6/20/2016,Second Class,SC-20770,OFF-AP-10001394,453.6,3,0.2,90.72,131744
CA-2015-160864,5/3/2015,5/6/2015,First Class,NF-18595,OFF-BI-10004654,13.85,3,0.2,5.19,160864
CA-2015-147690,11/10/2015,11/14/2015,Standard Class,SC-20020,OFF-ST-10001526,577.58,6,0.2,43.32,147690
CA-2016-125724,9/22/2016,9/27/2016,Standard Class,SM-20950,FUR-FU-10000246,68.43,7,0.2,8.55,125724
CA-2014-103086,10/17/2014,10/19/2014,Second Class,EB-14170,FUR-FU-10004586,5.31,2,0.6,-1.59,103086
CA-2016-129280,5/3/2016,5/5/2016,First Class,SM-20905,TEC-MA-10003589,224.94,3,0.7,-164.95,129280
CA-2014-130428,3/31/2014,3/31/2014,Same Day,TG-21640,FUR-CH-10002965,1125.49,7,0.2,98.48,130428
CA-2014-130428,3/31/2014,3/31/2014,Same Day,TG-21640,OFF-BI-10001636,12.64,5,0.7,-10.12,130428
CA-2014-130428,3/31/2014,3/31/2014,Same Day,TG-21640,OFF-AR-10004027,4.03,2,0.2,1.06,130428
CA-2015-113131,9/24/2015,9/24/2015,Same Day,MB-17305,OFF-BI-10003196,6.73,6,0.7,-4.49,113131
CA-2015-143147,5/26/2015,5/28/2015,Second Class,PS-18760,FUR-CH-10000863,105.69,1,0.3,-28.69,143147
CA-2015-143147,5/26/2015,5/28/2015,Second Class,PS-18760,FUR-CH-10004754,104.93,5,0.3,-4.5,143147
CA-2017-152975,9/14/2017,9/16/2017,First Class,RB-19705,TEC-PH-10004586,1079.85,3,0,323.96,152975
CA-2017-116127,6/25/2017,6/27/2017,Second Class,SB-20185,FUR-BO-10002213,400.78,1,0.2,-5.01,116127
CA-2016-160598,8/26/2016,8/28/2016,First Class,SV-20815,OFF-PA-10002319,31.01,1,0.2,11.24,160598
CA-2017-110940,7/23/2017,7/28/2017,Standard Class,AZ-10750,OFF-AR-10000380,121.54,4,0.2,15.19,110940
US-2016-105452,7/28/2016,8/1/2016,Standard Class,BF-11005,FUR-FU-10003806,302.72,5,0.6,-378.4,105452
CA-2015-116841,4/14/2015,4/18/2015,Standard Class,TP-21130,OFF-AP-10002403,35.21,1,0.2,2.64,116841
CA-2016-117604,9/4/2016,9/9/2016,Standard Class,JP-15520,OFF-PA-10001357,239.5,5,0,114.96,117604
CA-2014-130155,5/19/2014,5/22/2014,First Class,TD-20995,OFF-SU-10004737,34.2,5,0,9.23,130155
CA-2016-129861,6/17/2016,6/23/2016,Standard Class,DM-13345,FUR-TA-10003715,376.87,3,0.4,-213.56,129861
CA-2015-138625,11/2/2015,11/5/2015,First Class,EG-13900,OFF-AP-10003099,197.72,4,0,55.36,138625
US-2017-122672,11/4/2017,11/9/2017,Standard Class,HG-14965,TEC-AC-10002323,70.72,4,0.2,-6.19,122672
CA-2017-117128,12/5/2017,12/8/2017,Second Class,BF-11080,OFF-PA-10000007,21.6,6,0,9.94,117128
CA-2016-130638,5/16/2016,5/19/2016,Second Class,SC-20095,FUR-FU-10002116,282.84,4,0,19.8,130638
CA-2014-128524,11/11/2014,11/13/2014,First Class,MZ-17515,OFF-AP-10002892,22.98,1,0,6.89,128524
CA-2014-128524,11/11/2014,11/13/2014,First Class,MZ-17515,TEC-AC-10002718,102.13,7,0,15.32,128524
CA-2014-128524,11/11/2014,11/13/2014,First Class,MZ-17515,OFF-BI-10003527,2033.58,2,0.2,762.59,128524
CA-2017-160633,11/16/2017,11/21/2017,Standard Class,BS-11380,TEC-CO-10002095,899.98,3,0.4,75,160633
CA-2014-115133,9/26/2014,9/30/2014,Standard Class,DA-13450,OFF-AP-10001634,16.7,6,0.2,1.25,115133
CA-2014-115133,9/26/2014,9/30/2014,Standard Class,DA-13450,TEC-AC-10002370,3.15,2,0.2,0.47,115133
CA-2017-137449,6/29/2017,6/30/2017,First Class,ME-17725,OFF-AP-10000240,21.39,2,0.8,-54.55,137449
CA-2017-137449,6/29/2017,6/30/2017,First Class,ME-17725,FUR-TA-10002855,307.31,3,0.3,-39.51,137449
CA-2017-137449,6/29/2017,6/30/2017,First Class,ME-17725,FUR-BO-10000780,410,3,0.32,-96.47,137449
CA-2014-118192,1/13/2014,1/18/2014,Standard Class,MM-17920,OFF-BI-10003476,3.44,2,0.7,-2.52,118192
CA-2016-168844,5/31/2016,6/6/2016,Standard Class,NM-18520,TEC-PH-10003215,179.7,6,0,88.05,168844
CA-2017-154809,2/13/2017,2/17/2017,Standard Class,MH-17455,OFF-AP-10004785,90.64,8,0,38.98,154809
CA-2014-151330,10/14/2014,10/17/2014,First Class,TC-21295,OFF-ST-10000615,79.45,7,0,22.25,151330
CA-2014-124702,11/18/2014,11/25/2014,Standard Class,MH-17785,FUR-FU-10003553,137.54,2,0,55.02,124702
CA-2014-124702,11/18/2014,11/25/2014,Standard Class,MH-17785,FUR-TA-10003008,730.2,4,0,94.93,124702
CA-2015-116638,1/28/2015,1/31/2015,Second Class,JH-15985,FUR-TA-10000198,4297.64,13,0.4,-1862.31,116638
CA-2014-104563,3/7/2014,3/12/2014,Standard Class,CM-12715,OFF-ST-10000934,204.9,5,0,0,104563
CA-2014-104563,3/7/2014,3/12/2014,Standard Class,CM-12715,FUR-CH-10004495,481.57,2,0.2,54.18,104563
US-2017-107979,6/8/2017,6/13/2017,Standard Class,FO-14305,TEC-AC-10002006,89.54,7,0.2,12.31,107979
CA-2016-107104,11/26/2016,11/30/2016,Standard Class,MS-17365,FUR-BO-10002213,3406.66,8,0.15,160.31,107104
CA-2017-161893,1/23/2017,1/27/2017,Standard Class,HP-14815,OFF-BI-10004506,4.94,2,0.7,-3.62,161893
CA-2014-156160,9/22/2014,9/29/2014,Standard Class,AS-10090,FUR-FU-10001876,97.44,3,0,35.08,156160
CA-2014-156160,9/22/2014,9/29/2014,Standard Class,AS-10090,FUR-CH-10004983,579.53,4,0.1,83.71,156160
CA-2016-160717,6/6/2016,6/11/2016,Standard Class,ME-17320,TEC-PH-10001459,3023.93,9,0.2,226.79,160717
CA-2016-160717,6/6/2016,6/11/2016,Standard Class,ME-17320,TEC-PH-10001760,477.6,3,0.2,161.19,160717
CA-2015-133396,8/13/2015,8/15/2015,First Class,GK-14620,OFF-AR-10001446,64.68,7,0.2,8.08,133396
CA-2016-114867,12/23/2016,12/28/2016,Standard Class,FM-14290,TEC-PH-10002645,1499.97,5,0.4,-374.99,114867
US-2014-164644,7/22/2014,7/24/2014,Second Class,JL-15850,OFF-ST-10003123,26.63,1,0.2,1.33,164644
US-2014-120175,11/28/2014,12/3/2014,Standard Class,MC-17635,OFF-EN-10003862,64.02,6,0,29.45,120175
CA-2016-144785,4/18/2016,4/23/2016,Standard Class,CS-12490,OFF-SU-10004290,6.84,1,0,1.85,144785
CA-2015-130113,12/27/2015,12/31/2015,Standard Class,AH-10030,TEC-PH-10003505,668.16,9,0.2,75.17,130113
CA-2017-122770,12/13/2017,12/18/2017,Standard Class,EP-13915,FUR-FU-10001473,201.04,8,0,54.28,122770
CA-2017-118668,1/2/2017,1/4/2017,Second Class,FW-14395,TEC-AC-10000682,16.59,1,0,5.81,118668
US-2017-130603,9/30/2017,10/6/2017,Standard Class,SC-20050,OFF-BI-10000301,11.65,9,0.8,-17.47,130603
CA-2015-130183,11/13/2015,11/17/2015,Standard Class,PO-18850,FUR-BO-10001811,614,3,0.32,-18.06,130183
CA-2015-107902,8/28/2015,9/2/2015,Standard Class,SM-20950,OFF-ST-10001837,470.36,11,0,122.29,107902
US-2016-151260,12/11/2016,12/14/2016,First Class,SC-20695,OFF-AP-10002892,73.54,4,0.2,9.19,151260
CA-2017-147032,7/31/2017,8/4/2017,Standard Class,LB-16795,OFF-BI-10003656,849.95,5,0,390.98,147032
CA-2017-147032,7/31/2017,8/4/2017,Standard Class,LB-16795,OFF-BI-10002897,11.01,3,0,5.39,147032
CA-2016-161746,10/21/2016,10/27/2016,Standard Class,CS-11950,FUR-CH-10004626,242.14,3,0.2,12.11,161746
CA-2014-114251,11/5/2014,11/10/2014,Standard Class,MD-17350,FUR-FU-10001468,273.57,2,0.2,-34.2,114251
CA-2014-114251,11/5/2014,11/10/2014,Standard Class,MD-17350,OFF-BI-10003684,13.19,2,0.7,-8.8,114251
CA-2014-114251,11/5/2014,11/10/2014,Standard Class,MD-17350,OFF-ST-10003716,1080.1,6,0.2,-94.51,114251
US-2016-144477,8/12/2016,8/14/2016,Second Class,DB-13270,OFF-AR-10000914,37.31,4,0.2,2.8,144477
CA-2016-105781,2/16/2016,2/20/2016,Standard Class,JF-15565,FUR-CH-10001802,326.65,3,0.1,39.92,105781
CA-2014-101364,12/22/2014,12/26/2014,Standard Class,TW-21025,OFF-BI-10003984,296.71,13,0.2,100.14,101364
CA-2017-167395,12/2/2017,12/4/2017,First Class,KM-16720,OFF-AP-10001293,286.86,7,0,80.32,167395
CA-2014-111962,9/29/2014,10/4/2014,Standard Class,EB-14170,OFF-ST-10000046,807.75,5,0,153.47,111962
CA-2014-114321,8/20/2014,8/25/2014,Standard Class,NC-18535,FUR-CH-10001797,500.24,13,0,145.07,114321
CA-2014-114321,8/20/2014,8/25/2014,Standard Class,NC-18535,OFF-PA-10000246,20.12,2,0,9.26,114321
CA-2017-129294,3/16/2017,3/21/2017,Standard Class,KD-16615,OFF-BI-10004236,70.46,6,0.2,22.9,129294
CA-2017-129294,3/16/2017,3/21/2017,Standard Class,KD-16615,OFF-AP-10001154,140.67,3,0,54.86,129294
CA-2015-117086,11/8/2015,11/12/2015,Standard Class,QJ-19255,FUR-BO-10004834,4404.9,5,0,1013.13,117086
CA-2017-141782,1/21/2017,1/25/2017,Standard Class,BE-11410,OFF-EN-10002230,268.58,4,0.2,90.64,141782
CA-2017-137505,11/24/2017,11/24/2017,Same Day,BP-11290,FUR-TA-10000617,364.08,2,0.2,9.1,137505
US-2014-140914,11/11/2014,11/15/2014,Standard Class,BH-11710,FUR-FU-10000175,10.98,2,0.6,-7.96,140914
US-2016-158680,7/1/2016,7/2/2016,First Class,NZ-18565,OFF-BI-10000145,2.5,1,0.2,0.9,158680
CA-2017-113705,3/27/2017,3/29/2017,Second Class,LC-16870,TEC-PH-10004006,206.1,5,0,55.65,113705
CA-2017-159135,11/4/2017,11/8/2017,Standard Class,KM-16375,OFF-AR-10000657,4.3,2,0,1.42,159135
CA-2014-123855,6/18/2014,6/23/2014,Standard Class,MC-18100,TEC-PH-10000215,139.8,5,0.2,12.23,123855
CA-2017-142328,12/7/2017,12/14/2017,Standard Class,TC-21535,OFF-PA-10000380,50.04,6,0,25.02,142328
CA-2016-123533,11/24/2016,11/30/2016,Standard Class,SC-20050,FUR-BO-10001619,339.92,5,0.2,8.5,123533
CA-2016-123533,11/24/2016,11/30/2016,Standard Class,SC-20050,OFF-AP-10002765,42.38,2,0.2,4.24,123533
CA-2016-160234,6/26/2016,7/3/2016,Standard Class,PF-19225,TEC-PH-10004434,135.95,1,0,39.43,160234
CA-2014-169019,7/26/2014,7/30/2014,Standard Class,LF-17185,OFF-BI-10004995,2177.58,8,0.8,-3701.89,169019
CA-2014-169019,7/26/2014,7/30/2014,Standard Class,LF-17185,TEC-AC-10002076,431.14,9,0.2,-26.95,169019
CA-2014-169019,7/26/2014,7/30/2014,Standard Class,LF-17185,OFF-BI-10001679,8.88,5,0.8,-13.32,169019
CA-2014-169019,7/26/2014,7/30/2014,Standard Class,LF-17185,OFF-AP-10003281,4.84,2,0.8,-12.09,169019
CA-2015-155635,5/9/2015,5/13/2015,Standard Class,ME-17725,OFF-BI-10000962,48.81,3,0,23.92,155635
US-2014-114377,11/5/2014,11/5/2014,Same Day,BG-11035,FUR-CH-10004754,149.9,5,0,40.47,114377
CA-2017-144491,3/27/2017,4/1/2017,Standard Class,CJ-12010,FUR-BO-10001811,1023.33,5,0.32,-30.1,144491
CA-2017-144491,3/27/2017,4/1/2017,Standard Class,CJ-12010,FUR-CH-10001714,211.25,2,0.3,-66.39,144491
CA-2014-127166,5/21/2014,5/23/2014,Second Class,KH-16360,OFF-PA-10001560,4.83,1,0.2,1.63,127166
CA-2015-128608,1/12/2015,1/17/2015,Standard Class,CS-12490,TEC-PH-10004977,235.19,2,0.4,-43.12,128608
CA-2015-128608,1/12/2015,1/17/2015,Standard Class,CS-12490,TEC-PH-10000912,26.38,4,0.4,2.64,128608
CA-2015-128608,1/12/2015,1/17/2015,Standard Class,CS-12490,TEC-AC-10000487,10.38,2,0.2,2.21,128608
CA-2015-128608,1/12/2015,1/17/2015,Standard Class,CS-12490,TEC-PH-10002262,107.12,3,0.4,-21.42,128608
CA-2017-137918,9/29/2017,10/6/2017,Standard Class,JK-15730,OFF-SU-10000898,97.3,7,0,28.22,137918
CA-2016-136322,10/21/2016,10/26/2016,Standard Class,AP-10720,FUR-FU-10002878,45.57,2,0.2,9.68,136322
CA-2017-145093,7/21/2017,7/26/2017,Standard Class,PT-19090,OFF-BI-10001116,2.11,2,0.8,-3.38,145093
US-2014-139640,11/7/2014,11/11/2014,Second Class,TB-21595,OFF-AR-10002240,120.77,4,0.2,9.06,139640
CA-2016-117583,11/27/2016,11/30/2016,First Class,CB-12025,OFF-BI-10004233,79.95,5,0,38.38,117583
CA-2015-162201,6/8/2015,6/12/2015,Standard Class,AG-10495,OFF-ST-10000046,516.96,4,0.2,-6.46,162201
CA-2015-162201,6/8/2015,6/12/2015,Standard Class,AG-10495,FUR-FU-10001185,173.21,7,0.2,45.47,162201
CA-2015-162201,6/8/2015,6/12/2015,Standard Class,AG-10495,OFF-LA-10001982,9,3,0.2,3.15,162201
US-2014-164406,8/15/2014,8/19/2014,Standard Class,BD-11605,OFF-AP-10003287,152.91,3,0,42.81,164406
US-2014-164406,8/15/2014,8/19/2014,Standard Class,BD-11605,OFF-BI-10003638,46.44,3,0.2,15.09,164406
CA-2014-113257,12/16/2014,12/18/2014,Second Class,SC-20305,FUR-FU-10001706,8.62,7,0.6,-2.59,113257
CA-2017-130302,9/14/2017,9/19/2017,Standard Class,CY-12745,TEC-AC-10002001,895.94,7,0.2,190.39,130302
CA-2016-126627,10/10/2016,10/12/2016,First Class,WB-21850,FUR-FU-10004963,14,4,0.6,-6.3,126627
CA-2016-126627,10/10/2016,10/12/2016,First Class,WB-21850,OFF-BI-10001597,16.39,2,0.8,-26.23,126627
US-2016-125402,9/25/2016,10/1/2016,Standard Class,DL-12865,TEC-PH-10003356,44.74,8,0.2,4.47,125402
CA-2014-163867,6/3/2014,6/6/2014,First Class,RE-19450,FUR-FU-10001475,61.54,7,0.6,-40,163867
CA-2014-163867,6/3/2014,6/6/2014,First Class,RE-19450,OFF-ST-10000877,132.7,3,0.2,9.95,163867
CA-2017-169327,9/2/2017,9/4/2017,Second Class,MH-17290,FUR-FU-10004188,511.5,5,0,132.99,169327
CA-2016-158155,5/2/2016,5/6/2016,Standard Class,EH-13765,FUR-FU-10002253,214.7,5,0,83.73,158155
CA-2017-138870,6/19/2017,6/23/2017,Standard Class,GA-14515,FUR-FU-10002396,50.32,4,0,21.13,138870
CA-2015-164301,3/26/2015,3/30/2015,Standard Class,EB-13840,FUR-TA-10001889,3393.68,8,0,610.86,164301
CA-2017-113278,1/14/2017,1/20/2017,Standard Class,HR-14770,TEC-AC-10001445,12.12,4,0,2.55,113278
CA-2017-146269,10/6/2017,10/6/2017,Same Day,MH-17455,OFF-ST-10003208,290.34,2,0.2,32.66,146269
CA-2015-130855,12/29/2015,1/5/2016,Standard Class,RF-19840,OFF-SU-10003936,6.36,2,0,0.06,130855
US-2017-166324,4/20/2017,4/21/2017,First Class,BE-11455,OFF-ST-10000078,848.54,4,0.2,-21.21,166324
US-2017-166324,4/20/2017,4/21/2017,First Class,BE-11455,OFF-BI-10000174,8.7,5,0.7,-6.38,166324
CA-2016-122581,8/21/2016,8/25/2016,Standard Class,JK-15370,FUR-CH-10002961,573.17,7,0.1,63.69,122581
CA-2014-153927,8/12/2014,8/13/2014,First Class,LL-16840,TEC-AC-10000023,272.61,13,0,98.14,153927
US-2016-115441,7/25/2016,7/28/2016,Second Class,SH-19975,OFF-PA-10004996,20.62,2,0,9.69,115441
US-2016-115441,7/25/2016,7/28/2016,Second Class,SH-19975,TEC-AC-10003116,124.25,7,0,48.46,115441
US-2016-115441,7/25/2016,7/28/2016,Second Class,SH-19975,TEC-PH-10002262,297.55,5,0,83.31,115441
US-2016-115441,7/25/2016,7/28/2016,Second Class,SH-19975,FUR-CH-10004626,403.56,4,0,96.85,115441
US-2016-115441,7/25/2016,7/28/2016,Second Class,SH-19975,FUR-FU-10001756,95.2,5,0,27.61,115441
CA-2014-115049,9/26/2014,10/1/2014,Standard Class,MM-17920,TEC-AC-10004859,153.82,11,0.2,38.46,115049
CA-2016-112830,6/6/2016,6/10/2016,Standard Class,LP-17095,FUR-FU-10004306,466.32,3,0.2,34.97,112830
CA-2014-122609,11/12/2014,11/18/2014,Standard Class,DP-13000,FUR-FU-10004587,25.13,3,0.6,-6.91,122609
US-2015-129007,9/13/2015,9/15/2015,First Class,KD-16615,FUR-FU-10002379,207.35,5,0,24.88,129007
CA-2015-132388,10/10/2015,10/12/2015,First Class,KN-16390,FUR-CH-10001714,362.14,3,0.2,-54.32,132388
CA-2016-149272,3/15/2016,3/19/2016,Standard Class,MY-18295,OFF-BI-10004233,22.39,7,0.8,-35.82,149272
CA-2014-111360,11/24/2014,11/30/2014,Standard Class,AT-10435,OFF-BI-10003350,5.74,3,0.7,-4.59,111360
CA-2015-159534,3/20/2015,3/23/2015,First Class,DH-13075,OFF-BI-10003656,1087.94,8,0.2,353.58,159534
CA-2016-129630,9/4/2016,9/4/2016,Same Day,IM-15055,FUR-FU-10000260,24.27,3,0,8.74,129630
CA-2015-104948,11/13/2015,11/17/2015,Standard Class,KH-16510,OFF-BI-10001267,9.87,2,0.2,3.46,104948
CA-2015-104948,11/13/2015,11/17/2015,Standard Class,KH-16510,FUR-BO-10004357,683.33,4,0.15,-40.2,104948
CA-2015-104948,11/13/2015,11/17/2015,Standard Class,KH-16510,OFF-PA-10004610,29.96,7,0,13.48,104948
CA-2014-166555,7/11/2014,7/14/2014,First Class,JK-15205,TEC-PH-10004912,164.85,3,0,47.81,166555
CA-2016-114405,4/7/2016,4/12/2016,Standard Class,AS-10240,OFF-AP-10003278,33.53,3,0.2,2.51,114405
CA-2016-114405,4/7/2016,4/12/2016,Standard Class,AS-10240,OFF-ST-10001627,36.74,3,0.2,3.67,114405
CA-2016-169824,12/12/2016,12/17/2016,Standard Class,NS-18640,FUR-FU-10004864,60.35,5,0,19.92,169824
CA-2016-169824,12/12/2016,12/17/2016,Standard Class,NS-18640,OFF-AR-10000462,11.2,7,0,4.82,169824
CA-2017-164028,11/24/2017,11/30/2017,Standard Class,JL-15835,TEC-AC-10001772,223.58,14,0,87.2,164028
CA-2014-143371,12/28/2014,1/3/2015,Standard Class,MD-17350,OFF-ST-10001128,998.82,9,0,29.96,143371
CA-2014-143371,12/28/2014,1/3/2015,Standard Class,MD-17350,OFF-SU-10002537,51.15,5,0,13.3,143371
CA-2017-121559,6/1/2017,6/3/2017,Second Class,HW-14935,FUR-CH-10003746,1925.88,6,0,539.25,121559
CA-2017-121559,6/1/2017,6/3/2017,Second Class,HW-14935,OFF-AP-10002945,2405.2,8,0,793.72,121559
CA-2017-121559,6/1/2017,6/3/2017,Second Class,HW-14935,TEC-AC-10001714,39.89,1,0,14.76,121559
CA-2015-141593,12/14/2015,12/16/2015,Second Class,DB-12970,OFF-BI-10001153,55.26,2,0.2,20.72,141593
CA-2015-168088,3/19/2015,3/22/2015,First Class,CM-12655,FUR-BO-10004218,383.47,4,0.32,-67.67,168088
CA-2016-146374,12/5/2016,12/10/2016,Second Class,HE-14800,FUR-FU-10002671,13.4,1,0,6.43,146374
CA-2016-146374,12/5/2016,12/10/2016,Second Class,HE-14800,OFF-EN-10004483,109.69,7,0,51.55,146374
CA-2015-103772,6/28/2015,7/2/2015,Standard Class,MP-17470,OFF-BI-10002867,119.56,2,0,55,103772
CA-2016-130225,9/11/2016,9/17/2016,Standard Class,RC-19960,OFF-EN-10000056,99.57,2,0.2,33.6,130225
US-2016-103674,12/6/2016,12/10/2016,Standard Class,AP-10720,OFF-FA-10003467,13.86,7,0,0,103674
US-2016-103674,12/6/2016,12/10/2016,Standard Class,AP-10720,OFF-BI-10003727,13.38,4,0.2,4.68,103674
US-2016-103674,12/6/2016,12/10/2016,Standard Class,AP-10720,OFF-BI-10002026,437.47,14,0.2,153.12,103674
US-2016-157728,9/22/2016,9/28/2016,Standard Class,RC-19960,TEC-PH-10001305,97.98,2,0,27.43,157728
CA-2017-119914,5/4/2017,5/9/2017,Second Class,CC-12220,OFF-AP-10002684,243.16,2,0,72.95,119914
