Order ID,Order Date,Ship Date,Ship Mode,Customer ID,Product ID,Sales,Quantity,Discount,Profit,Order ID No.
CA-2015-142755,9/4/2015,9/8/2015,Standard Class,CS-12355,TEC-AC-10002049,619.95,5,0,111.59,142755
CA-2015-142755,9/4/2015,9/8/2015,Standard Class,CS-12355,OFF-PA-10000141,4.36,2,0,2.05,142755
US-2014-147627,1/20/2014,1/26/2014,Standard Class,HL-15040,TEC-PH-10001061,699.93,7,0,181.98,147627
US-2014-147627,1/20/2014,1/26/2014,Standard Class,HL-15040,OFF-AR-10002375,22.96,7,0,6.66,147627
US-2014-147627,1/20/2014,1/26/2014,Standard Class,HL-15040,FUR-FU-10003194,38.6,4,0,11.58,147627
US-2014-147627,1/20/2014,1/26/2014,Standard Class,HL-15040,OFF-EN-10001539,23.34,3,0,10.97,147627
US-2014-147627,1/20/2014,1/26/2014,Standard Class,HL-15040,FUR-CH-10002331,1067.94,3,0,224.27,147627
CA-2015-105970,3/2/2015,3/7/2015,Standard Class,PA-19060,OFF-AR-10003156,10.16,1,0,2.64,105970
CA-2015-105970,3/2/2015,3/7/2015,Standard Class,PA-19060,OFF-EN-10001532,101.88,6,0,50.94,105970
CA-2016-112102,4/12/2016,4/16/2016,Standard Class,BD-11605,FUR-TA-10004086,343.92,4,0,75.66,112102
CA-2016-112102,4/12/2016,4/16/2016,Standard Class,BD-11605,OFF-PA-10000100,40.99,1,0,20.09,112102
CA-2016-112102,4/12/2016,4/16/2016,Standard Class,BD-11605,OFF-EN-10002500,63.9,5,0,28.76,112102
US-2016-134908,6/5/2016,6/9/2016,Standard Class,JS-15940,OFF-ST-10003479,124.61,4,0.2,-23.36,134908
US-2016-148803,12/11/2016,12/11/2016,Same Day,LR-16915,OFF-ST-10001476,85.22,3,0.2,7.46,148803
CA-2016-152170,11/12/2016,11/15/2016,Second Class,FH-14275,OFF-EN-10002831,287.52,8,0,129.38,152170
CA-2016-152170,11/12/2016,11/15/2016,Second Class,FH-14275,OFF-AP-10002350,37.68,2,0,10.55,152170
CA-2016-152170,11/12/2016,11/15/2016,Second Class,FH-14275,OFF-PA-10001763,19.98,2,0,8.99,152170
CA-2016-152170,11/12/2016,11/15/2016,Second Class,FH-14275,OFF-AR-10003394,20.58,7,0,5.56,152170
CA-2016-152170,11/12/2016,11/15/2016,Second Class,FH-14275,OFF-BI-10002072,17.38,2,0,8.69,152170
CA-2014-146969,9/29/2014,10/3/2014,Standard Class,AP-10915,TEC-MA-10004241,686.32,2,0.2,223.05,146969
CA-2014-146969,9/29/2014,10/3/2014,Standard Class,AP-10915,OFF-ST-10004340,62.18,1,0,16.79,146969
CA-2015-112452,4/4/2015,4/4/2015,Same Day,NC-18340,OFF-AP-10003849,644.08,2,0.1,107.35,112452
CA-2015-112452,4/4/2015,4/4/2015,Same Day,NC-18340,OFF-BI-10003350,12.76,2,0,5.87,112452
CA-2015-112452,4/4/2015,4/4/2015,Same Day,NC-18340,TEC-PH-10000307,10.95,1,0,0.44,112452
CA-2015-112452,4/4/2015,4/4/2015,Same Day,NC-18340,TEC-CO-10004202,599.98,2,0,209.99,112452
CA-2015-113971,5/8/2015,5/14/2015,Standard Class,CB-12535,FUR-FU-10001852,8.35,6,0.2,1.25,113971
CA-2017-160395,12/31/2016,1/6/2017,Standard Class,KL-16555,OFF-AR-10003759,3.64,2,0,1.64,160395
CA-2017-160395,12/31/2016,1/6/2017,Standard Class,KL-16555,OFF-BI-10003984,159.77,7,0.2,53.92,160395
CA-2014-136567,12/20/2014,12/21/2014,First Class,PS-19045,OFF-ST-10004337,122.48,2,0,0,136567
CA-2014-136567,12/20/2014,12/21/2014,First Class,PS-19045,FUR-TA-10001932,2244.48,7,0,493.79,136567
CA-2014-136567,12/20/2014,12/21/2014,First Class,PS-19045,OFF-BI-10003982,62.31,3,0,29.29,136567
CA-2014-136567,12/20/2014,12/21/2014,First Class,PS-19045,FUR-TA-10000617,455.1,2,0,100.12,136567
CA-2016-149314,7/2/2016,7/7/2016,Second Class,GB-14530,FUR-CH-10002126,195.18,1,0.2,19.52,149314
CA-2017-147039,6/29/2017,7/4/2017,Standard Class,AA-10315,OFF-AP-10000576,362.94,3,0,90.74,147039
CA-2017-147039,6/29/2017,7/4/2017,Standard Class,AA-10315,OFF-BI-10004654,11.54,2,0,5.77,147039
CA-2014-126522,9/1/2014,9/5/2014,Second Class,LT-16765,OFF-AR-10004042,53.94,3,0,15.64,126522
CA-2014-127964,3/3/2014,3/8/2014,Standard Class,AP-10720,TEC-PH-10004700,9.99,1,0,4.6,127964
CA-2014-127964,3/3/2014,3/8/2014,Standard Class,AP-10720,OFF-BI-10004593,125.76,3,0.2,40.87,127964
CA-2014-127964,3/3/2014,3/8/2014,Standard Class,AP-10720,OFF-BI-10003429,25.32,5,0.2,9.18,127964
CA-2014-117709,5/4/2014,5/8/2014,Standard Class,PM-18940,OFF-BI-10001294,46.8,4,0,21.06,117709
CA-2015-125416,11/2/2015,11/2/2015,Same Day,KC-16540,TEC-AC-10001552,447.93,9,0,49.27,125416
CA-2017-145226,12/8/2017,12/10/2017,Second Class,DL-13315,FUR-FU-10004952,109.48,2,0,33.94,145226
CA-2017-145226,12/8/2017,12/10/2017,Second Class,DL-13315,OFF-ST-10004123,272.94,3,0,0,145226
CA-2017-145226,12/8/2017,12/10/2017,Second Class,DL-13315,OFF-ST-10002352,31.92,4,0,8.3,145226
US-2014-100279,3/10/2014,3/14/2014,Standard Class,SW-20275,OFF-PA-10002259,22.38,2,0,10.74,100279
CA-2014-158064,4/21/2014,4/25/2014,Standard Class,AA-10375,OFF-BI-10002976,16.52,5,0.2,5.58,158064
US-2015-104430,10/22/2015,10/26/2015,Standard Class,LT-17110,OFF-BI-10000301,5.18,4,0.8,-7.76,104430
CA-2015-132080,8/22/2015,8/25/2015,First Class,DP-13105,OFF-BI-10003694,50.11,6,0.2,16.29,132080
CA-2016-161207,8/29/2016,9/3/2016,Standard Class,AB-10060,OFF-SU-10000381,27.93,3,0,8.1,161207
CA-2014-120243,12/27/2014,12/30/2014,Second Class,AT-10435,OFF-LA-10004425,11.56,4,0,5.43,120243
CA-2016-113621,12/1/2016,12/5/2016,Standard Class,JE-15745,FUR-CH-10001270,172.5,2,0,51.75,113621
CA-2016-168081,4/24/2016,4/27/2016,Second Class,CA-12055,TEC-AC-10003174,258.7,3,0.2,64.67,168081
CA-2014-128146,6/21/2014,6/25/2014,Standard Class,DB-13060,TEC-PH-10004539,1322.93,7,0,357.19,128146
CA-2014-128146,6/21/2014,6/25/2014,Standard Class,DB-13060,OFF-AR-10001919,3.76,2,0,1.09,128146
CA-2017-138779,1/14/2017,1/15/2017,First Class,RB-19570,TEC-PH-10003655,7.92,5,0.2,0.69,138779
CA-2014-127131,11/24/2014,11/30/2014,Standard Class,HR-14830,OFF-BI-10004656,12.1,7,0.2,4.23,127131
CA-2014-127131,11/24/2014,11/30/2014,Standard Class,HR-14830,OFF-ST-10002344,485.88,6,0,9.72,127131
CA-2014-127131,11/24/2014,11/30/2014,Standard Class,HR-14830,OFF-ST-10000036,197.58,2,0,53.35,127131
CA-2017-117212,2/26/2017,2/28/2017,Second Class,BT-11530,OFF-AP-10004532,81.92,4,0,22.12,117212
CA-2017-117212,2/26/2017,2/28/2017,Second Class,BT-11530,TEC-PH-10004447,889.54,8,0.2,66.72,117212
CA-2017-117212,2/26/2017,2/28/2017,Second Class,BT-11530,FUR-CH-10003973,892.22,3,0.2,89.22,117212
CA-2017-117212,2/26/2017,2/28/2017,Second Class,BT-11530,OFF-PA-10001970,223.92,4,0,109.72,117212
CA-2017-117212,2/26/2017,2/28/2017,Second Class,BT-11530,OFF-PA-10000682,23.12,4,0,11.33,117212
US-2015-130519,9/15/2015,9/15/2015,Same Day,NG-18355,OFF-ST-10001321,24.67,2,0.2,2.16,130519
US-2015-130519,9/15/2015,9/15/2015,Same Day,NG-18355,FUR-FU-10003394,55.97,1,0.2,-2.1,130519
CA-2016-130946,4/8/2016,4/12/2016,Standard Class,ZC-21910,TEC-AC-10001990,431.93,9,0.2,64.79,130946
CA-2016-130946,4/8/2016,4/12/2016,Standard Class,ZC-21910,OFF-BI-10004995,1088.79,4,0.8,-1850.95,130946
CA-2016-114727,7/18/2016,7/24/2016,Standard Class,LS-16945,OFF-BI-10004967,1.87,3,0.7,-1.44,114727
CA-2016-114727,7/18/2016,7/24/2016,Standard Class,LS-16945,FUR-CH-10002331,854.35,3,0.2,10.68,114727
CA-2016-114727,7/18/2016,7/24/2016,Standard Class,LS-16945,OFF-ST-10002292,593.57,2,0.2,0,114727
CA-2016-114727,7/18/2016,7/24/2016,Standard Class,LS-16945,OFF-ST-10000689,338.04,3,0.2,-33.8,114727
CA-2017-133235,8/1/2017,8/4/2017,First Class,LH-16750,TEC-PH-10002660,271.96,5,0.2,17,133235
CA-2016-137050,7/14/2016,7/18/2016,Second Class,SW-20755,OFF-ST-10004634,11.21,1,0,3.36,137050
CA-2016-137050,7/14/2016,7/18/2016,Second Class,SW-20755,OFF-BI-10002160,9.14,3,0.2,3.2,137050
CA-2016-137050,7/14/2016,7/18/2016,Second Class,SW-20755,OFF-FA-10002988,14.07,7,0,6.89,137050
CA-2016-137050,7/14/2016,7/18/2016,Second Class,SW-20755,OFF-AR-10004999,41.86,7,0,10.46,137050
CA-2016-137050,7/14/2016,7/18/2016,Second Class,SW-20755,OFF-BI-10001031,8.54,2,0.2,2.88,137050
CA-2016-137050,7/14/2016,7/18/2016,Second Class,SW-20755,FUR-BO-10004695,579.14,4,0.2,21.72,137050
US-2017-118087,9/9/2017,9/13/2017,Standard Class,SP-20620,FUR-CH-10004860,141.37,2,0.3,-48.47,118087
US-2017-118087,9/9/2017,9/13/2017,Standard Class,SP-20620,OFF-BI-10002432,3.04,2,0.7,-2.33,118087
US-2017-118087,9/9/2017,9/13/2017,Standard Class,SP-20620,OFF-BI-10000069,4.5,1,0.7,-3.6,118087
US-2017-118087,9/9/2017,9/13/2017,Standard Class,SP-20620,OFF-AR-10003602,4.67,1,0.2,1.58,118087
US-2017-118087,9/9/2017,9/13/2017,Standard Class,SP-20620,TEC-AC-10004469,95.88,3,0.2,28.76,118087
US-2017-118087,9/9/2017,9/13/2017,Standard Class,SP-20620,FUR-FU-10001867,17.02,2,0.2,1.7,118087
US-2017-118087,9/9/2017,9/13/2017,Standard Class,SP-20620,TEC-PH-10002200,1931.96,7,0.4,-386.39,118087
CA-2014-110184,7/12/2014,7/16/2014,Standard Class,BF-11170,OFF-ST-10000107,249.75,9,0,44.96,110184
CA-2014-110184,7/12/2014,7/16/2014,Standard Class,BF-11170,TEC-PH-10000439,255.94,8,0.2,28.79,110184
CA-2016-126004,12/4/2016,12/5/2016,First Class,BM-11140,FUR-FU-10001602,113.79,3,0,20.48,126004
CA-2016-126004,12/4/2016,12/5/2016,First Class,BM-11140,TEC-AC-10001432,78.15,1,0,34.39,126004
CA-2016-126004,12/4/2016,12/5/2016,First Class,BM-11140,OFF-BI-10004656,1.73,1,0.2,0.6,126004
CA-2016-126004,12/4/2016,12/5/2016,First Class,BM-11140,OFF-PA-10001685,40.56,4,0,19.87,126004
CA-2016-126004,12/4/2016,12/5/2016,First Class,BM-11140,OFF-ST-10001418,182.94,3,0,3.66,126004
CA-2016-126004,12/4/2016,12/5/2016,First Class,BM-11140,OFF-ST-10000676,193.86,2,0,11.63,126004
CA-2017-100013,11/6/2017,11/11/2017,Standard Class,ZC-21910,OFF-AR-10001022,5.68,2,0,1.76,100013
CA-2015-132570,10/31/2015,11/2/2015,Second Class,KT-16480,OFF-AR-10000369,2.78,2,0,0.72,132570
CA-2015-132570,10/31/2015,11/2/2015,Second Class,KT-16480,OFF-EN-10003055,79.96,2,0,35.98,132570
CA-2016-153682,5/30/2016,6/1/2016,First Class,BG-11695,TEC-CO-10001046,839.99,2,0.4,70,153682
CA-2016-144344,10/28/2016,10/28/2016,Same Day,PG-18820,FUR-FU-10000076,47.95,3,0.2,13.79,144344
CA-2016-144344,10/28/2016,10/28/2016,Same Day,PG-18820,OFF-BI-10003719,37.42,5,0.7,-29.94,144344
CA-2016-144344,10/28/2016,10/28/2016,Same Day,PG-18820,FUR-FU-10003268,63.97,2,0.2,0,144344
CA-2016-144344,10/28/2016,10/28/2016,Same Day,PG-18820,FUR-FU-10003553,165.05,3,0.2,41.26,144344
CA-2014-127012,8/11/2014,8/15/2014,Standard Class,GM-14680,FUR-FU-10003691,12.35,1,0,5.43,127012
CA-2014-127012,8/11/2014,8/15/2014,Standard Class,GM-14680,OFF-AR-10003903,40.97,1,0,10.65,127012
CA-2016-128727,8/29/2016,9/4/2016,Standard Class,MO-17800,TEC-PH-10003442,22,4,0,5.5,128727
US-2016-162859,2/15/2016,2/22/2016,Standard Class,PG-18820,OFF-BI-10004519,398.35,3,0.2,124.48,162859
CA-2017-133641,5/14/2017,5/21/2017,Standard Class,EJ-14155,OFF-EN-10004955,48.69,9,0,23.86,133641
CA-2014-168494,12/12/2014,12/14/2014,Second Class,NP-18700,FUR-TA-10004619,764.69,6,0.2,95.59,168494
CA-2014-168494,12/12/2014,12/14/2014,Second Class,NP-18700,FUR-TA-10003473,3610.85,12,0.2,135.41,168494
CA-2014-168494,12/12/2014,12/14/2014,Second Class,NP-18700,FUR-BO-10004467,254.97,3,0.15,12,168494
CA-2017-115602,12/18/2017,12/24/2017,Standard Class,DJ-13630,OFF-AR-10002280,38.82,6,0,17.47,115602
CA-2017-115602,12/18/2017,12/24/2017,Standard Class,DJ-13630,FUR-CH-10001708,1141.94,9,0.1,139.57,115602
CA-2017-115602,12/18/2017,12/24/2017,Standard Class,DJ-13630,OFF-AP-10000891,1704.56,13,0,511.37,115602
CA-2017-115602,12/18/2017,12/24/2017,Standard Class,DJ-13630,OFF-AR-10000462,3.2,2,0,1.38,115602
CA-2015-154956,7/4/2015,7/9/2015,Standard Class,IM-15070,TEC-PH-10004165,1099.96,4,0,285.99,154956
CA-2017-144638,3/10/2017,3/14/2017,Standard Class,MH-18115,FUR-FU-10003724,6.7,1,0.2,0.5,144638
CA-2017-144638,3/10/2017,3/14/2017,Standard Class,MH-18115,FUR-FU-10003535,43.87,2,0.2,11.52,144638
US-2016-168620,12/24/2016,12/28/2016,Second Class,RB-19795,OFF-BI-10001575,27.88,3,0.7,-20.45,168620
US-2016-168620,12/24/2016,12/28/2016,Second Class,RB-19795,OFF-ST-10003716,540.05,3,0.2,-47.25,168620
US-2016-168620,12/24/2016,12/28/2016,Second Class,RB-19795,TEC-AC-10004469,255.68,8,0.2,76.7,168620
CA-2017-117079,10/23/2017,10/27/2017,Standard Class,JR-15700,TEC-PH-10004586,863.88,3,0.2,107.98,117079
US-2016-144393,10/28/2016,11/4/2016,Standard Class,SM-20950,OFF-BI-10004236,17.62,4,0.7,-14.09,144393
CA-2017-105053,7/7/2017,7/9/2017,Second Class,CS-12355,OFF-BI-10001634,17.47,3,0.2,6.33,105053
CA-2016-155992,10/1/2016,10/2/2016,First Class,CC-12220,TEC-PH-10000215,69.9,2,0,18.87,155992
CA-2016-155992,10/1/2016,10/2/2016,First Class,CC-12220,FUR-FU-10003724,41.85,5,0,10.88,155992
CA-2017-110380,9/2/2017,9/7/2017,Standard Class,PF-19225,OFF-AR-10000422,6.57,3,0,1.77,110380
US-2014-167738,12/24/2014,12/29/2014,Standard Class,JC-16105,OFF-ST-10003306,142.86,1,0,41.43,167738
US-2014-167738,12/24/2014,12/29/2014,Standard Class,JC-16105,FUR-CH-10001146,292.27,6,0.2,18.27,167738
CA-2017-121412,9/23/2017,9/27/2017,Standard Class,BG-11695,FUR-FU-10000246,29.33,3,0.2,3.67,121412
CA-2017-100426,6/4/2017,6/8/2017,Standard Class,DC-12850,OFF-PA-10002870,12.48,2,0,5.62,100426
US-2016-103646,4/21/2016,4/26/2016,Standard Class,SP-20545,OFF-ST-10000563,102.34,4,0.2,-12.79,103646
US-2016-103646,4/21/2016,4/26/2016,Standard Class,SP-20545,OFF-AP-10004487,48.79,3,0.8,-126.86,103646
US-2016-103646,4/21/2016,4/26/2016,Standard Class,SP-20545,OFF-BI-10002854,44.85,8,0.8,-67.27,103646
CA-2016-119186,5/26/2016,5/26/2016,Same Day,MS-17710,FUR-CH-10001973,388.43,5,0.3,-88.78,119186
CA-2016-119186,5/26/2016,5/26/2016,Same Day,MS-17710,TEC-AC-10000580,63.99,1,0.2,-7.2,119186
CA-2016-148698,5/2/2016,5/7/2016,Standard Class,BD-11770,OFF-AR-10004022,86.35,3,0.2,5.4,148698
CA-2014-163293,9/8/2014,9/11/2014,First Class,KC-16255,TEC-AC-10004209,32.97,3,0,12.86,163293
CA-2014-163293,9/8/2014,9/11/2014,First Class,KC-16255,TEC-AC-10000023,83.88,4,0,30.2,163293
CA-2016-160815,9/5/2016,9/6/2016,First Class,TR-21325,TEC-PH-10003505,278.4,3,0,80.74,160815
CA-2017-122154,4/9/2017,4/11/2017,First Class,SA-20830,OFF-LA-10000121,15.12,3,0.2,4.91,122154
CA-2017-122154,4/9/2017,4/11/2017,First Class,SA-20830,OFF-BI-10002026,17.43,1,0.7,-13.36,122154
CA-2017-122154,4/9/2017,4/11/2017,First Class,SA-20830,OFF-PA-10000994,251.64,3,0.2,88.07,122154
US-2015-149692,12/6/2015,12/12/2015,Standard Class,KW-16435,OFF-BI-10002813,2.77,7,0.8,-4.85,149692
CA-2015-124268,7/4/2015,7/8/2015,Standard Class,AD-10180,OFF-AR-10004817,15.48,3,0,4.49,124268
CA-2016-154711,11/22/2016,11/26/2016,Standard Class,TB-21355,FUR-FU-10000397,39.88,2,0,11.17,154711
CA-2016-154711,11/22/2016,11/26/2016,Standard Class,TB-21355,OFF-AR-10001860,20.82,3,0,7.5,154711
CA-2016-163384,11/10/2016,11/12/2016,First Class,CC-12430,OFF-BI-10004970,13.22,4,0.2,4.46,163384
CA-2015-101707,8/27/2015,9/1/2015,Standard Class,PF-19165,OFF-SU-10001218,32.94,3,0,9.22,101707
CA-2015-101707,8/27/2015,9/1/2015,Standard Class,PF-19165,OFF-PA-10002968,114.2,5,0,52.53,101707
CA-2015-101707,8/27/2015,9/1/2015,Standard Class,PF-19165,OFF-LA-10000134,3.08,1,0,1.48,101707
CA-2015-138898,5/25/2015,5/29/2015,Standard Class,JH-16180,OFF-AP-10004487,845.73,13,0.2,84.57,138898
CA-2017-115427,12/30/2017,1/3/2018,Standard Class,EB-13975,OFF-BI-10002103,13.9,2,0.2,4.52,115427
CA-2017-115427,12/30/2017,1/3/2018,Standard Class,EB-13975,OFF-BI-10004632,20.72,2,0.2,6.48,115427
CA-2016-134425,12/8/2016,12/12/2016,Second Class,QJ-19255,TEC-PH-10003555,114.95,5,0,2.3,134425
CA-2015-121391,10/4/2015,10/7/2015,First Class,AA-10315,OFF-ST-10001590,26.96,2,0,7.01,121391
CA-2016-137043,12/23/2016,12/25/2016,Second Class,LC-17140,FUR-FU-10003664,572.76,6,0,166.1,137043
CA-2016-137043,12/23/2016,12/25/2016,Second Class,LC-17140,FUR-FU-10003664,286.38,3,0,83.05,137043
CA-2015-115847,9/19/2015,9/24/2015,Second Class,TC-21535,FUR-BO-10003433,61.96,2,0,4.34,115847
US-2017-126179,7/3/2017,7/7/2017,Standard Class,CS-12460,FUR-FU-10002554,23.99,1,0,5.52,126179
US-2017-126179,7/3/2017,7/7/2017,Standard Class,CS-12460,TEC-PH-10001557,287.97,3,0,77.75,126179
CA-2016-101966,7/14/2016,7/16/2016,Second Class,BM-11785,TEC-PH-10003437,419.94,7,0.2,52.49,101966
CA-2016-141397,6/20/2016,6/21/2016,First Class,RC-19825,OFF-PA-10002986,46.76,7,0,22.44,141397
CA-2016-141397,6/20/2016,6/21/2016,First Class,RC-19825,OFF-BI-10000320,17.71,3,0.2,6.42,141397
CA-2016-141397,6/20/2016,6/21/2016,First Class,RC-19825,OFF-AP-10003971,21.78,2,0,5.66,141397
CA-2016-141082,12/9/2016,12/13/2016,Standard Class,FM-14380,OFF-LA-10001404,3.69,1,0,1.73,141082
CA-2016-141082,12/9/2016,12/13/2016,Standard Class,FM-14380,OFF-LA-10001474,122.12,4,0,56.18,141082
US-2016-134488,9/24/2016,10/1/2016,Standard Class,PK-19075,FUR-CH-10003199,155.37,2,0.3,-13.32,134488
CA-2016-145919,12/18/2016,12/23/2016,Standard Class,HG-14965,FUR-FU-10004960,183.84,8,0,62.51,145919
CA-2016-145919,12/18/2016,12/23/2016,Standard Class,HG-14965,OFF-SU-10003505,579.3,5,0,28.96,145919
CA-2017-157651,12/10/2017,12/14/2017,Standard Class,HA-14920,TEC-AC-10003116,14.2,1,0.2,3.37,157651
CA-2014-160773,7/1/2014,7/5/2014,Standard Class,LW-16825,TEC-PH-10004586,575.92,2,0.2,71.99,160773
CA-2014-160773,7/1/2014,7/5/2014,Standard Class,LW-16825,OFF-BI-10000546,5.18,6,0.7,-3.63,160773
CA-2017-167703,2/3/2017,2/8/2017,Standard Class,MC-17575,OFF-BI-10002071,5.23,3,0.7,-4.18,167703
CA-2017-167703,2/3/2017,2/8/2017,Standard Class,MC-17575,OFF-ST-10001490,285.55,2,0.2,35.69,167703
CA-2017-121804,3/3/2017,3/8/2017,Standard Class,LP-17095,OFF-AP-10004859,72.8,5,0,19.66,121804
CA-2017-162635,10/9/2017,10/10/2017,First Class,EB-14170,OFF-PA-10002659,10.82,4,0.2,3.52,162635
CA-2015-120439,6/14/2015,6/18/2015,Standard Class,AD-10180,FUR-FU-10001867,51.07,6,0.2,5.11,120439
CA-2016-128258,3/30/2016,4/1/2016,First Class,CP-12085,OFF-PA-10004156,11.34,1,0,5.56,128258
CA-2017-106033,10/15/2017,10/18/2017,Second Class,FG-14260,OFF-AR-10002818,87.92,4,0,26.38,106033
CA-2016-142762,5/23/2016,5/27/2016,Standard Class,LD-17005,FUR-FU-10003691,37.05,3,0,16.3,142762
CA-2017-127705,6/2/2017,6/6/2017,Standard Class,AB-10255,TEC-PH-10000347,2.97,1,0.4,-0.64,127705
CA-2017-127705,6/2/2017,6/6/2017,Standard Class,AB-10255,OFF-ST-10004507,27.44,2,0.2,2.4,127705
CA-2014-122567,2/16/2014,2/21/2014,Standard Class,MN-17935,OFF-AP-10001303,7.96,2,0.8,-13.93,122567
CA-2014-121664,5/6/2014,5/10/2014,Standard Class,HP-14815,OFF-BI-10003684,140.74,8,0.2,52.78,121664
CA-2016-122133,5/16/2016,5/23/2016,Standard Class,JR-15670,OFF-ST-10002574,552.56,4,0,0,122133
US-2017-123281,4/2/2017,4/7/2017,Standard Class,JF-15190,FUR-FU-10003724,25.11,3,0,6.53,123281
CA-2017-100524,3/31/2017,4/2/2017,Second Class,CM-12115,FUR-FU-10004018,29.78,2,0,8.04,100524
CA-2017-100524,3/31/2017,4/2/2017,Second Class,CM-12115,TEC-PH-10002549,677.58,3,0,176.17,100524
CA-2017-100524,3/31/2017,4/2/2017,Second Class,CM-12115,OFF-PA-10004911,75.04,8,0,36.02,100524
CA-2017-113481,1/2/2017,1/4/2017,First Class,AS-10045,TEC-MA-10002178,695.7,2,0.5,-27.83,113481
CA-2017-113481,1/2/2017,1/4/2017,First Class,AS-10045,OFF-BI-10003694,15.66,5,0.7,-12.53,113481
CA-2017-113481,1/2/2017,1/4/2017,First Class,AS-10045,OFF-BI-10000474,28.85,6,0.7,-21.16,113481
CA-2015-131758,5/28/2015,6/1/2015,Standard Class,KB-16315,OFF-AR-10000411,47.82,3,0,14.35,131758
CA-2015-131758,5/28/2015,6/1/2015,Standard Class,KB-16315,OFF-LA-10000262,13.05,5,0,6,131758
CA-2014-118339,3/17/2014,3/24/2014,Standard Class,BN-11515,OFF-AP-10001154,93.78,2,0,36.57,118339
CA-2014-118339,3/17/2014,3/24/2014,Standard Class,BN-11515,OFF-PA-10000466,47.18,7,0,23.59,118339
CA-2014-118339,3/17/2014,3/24/2014,Standard Class,BN-11515,OFF-AR-10003829,19.68,6,0,5.71,118339
CA-2014-118339,3/17/2014,3/24/2014,Standard Class,BN-11515,OFF-BI-10001758,53.4,10,0,25.1,118339
CA-2014-118339,3/17/2014,3/24/2014,Standard Class,BN-11515,OFF-BI-10000136,35.88,6,0,17.22,118339
CA-2014-153976,10/3/2014,10/8/2014,Second Class,BP-11290,FUR-CH-10002880,258.28,3,0.3,-70.1,153976
CA-2017-162978,5/4/2017,5/9/2017,Standard Class,LW-16990,TEC-PH-10003092,183.96,5,0.2,20.7,162978
CA-2017-162978,5/4/2017,5/9/2017,Standard Class,LW-16990,OFF-PA-10002250,17.61,3,0,8.45,162978
CA-2017-162978,5/4/2017,5/9/2017,Standard Class,LW-16990,FUR-TA-10003473,300.9,1,0.2,11.28,162978
US-2014-160444,7/5/2014,7/5/2014,Same Day,DC-12850,OFF-ST-10001522,220.78,3,0.2,-44.16,160444
US-2014-160444,7/5/2014,7/5/2014,Same Day,DC-12850,OFF-ST-10000563,281.42,11,0.2,-35.18,160444
CA-2016-145247,5/5/2016,5/7/2016,First Class,ND-18370,OFF-PA-10003641,79.14,3,0,36.4,145247
CA-2017-160045,4/26/2017,4/27/2017,First Class,LB-16735,FUR-FU-10000010,1.99,1,0.6,-1.44,160045
US-2014-151925,9/26/2014,10/1/2014,Second Class,KT-16465,FUR-CH-10002961,145.57,2,0.2,0,151925
CA-2017-125199,10/19/2017,10/25/2017,Standard Class,HM-14860,OFF-AR-10002956,123.26,7,0.2,9.24,125199
CA-2017-125199,10/19/2017,10/25/2017,Standard Class,HM-14860,TEC-PH-10001336,309.58,4,0.4,-56.76,125199
US-2017-155425,11/10/2017,11/11/2017,First Class,AB-10600,OFF-BI-10001036,38.39,14,0.7,-25.59,155425
US-2017-155425,11/10/2017,11/11/2017,First Class,AB-10600,TEC-MA-10003183,95.99,2,0.7,-64,155425
US-2017-155425,11/10/2017,11/11/2017,First Class,AB-10600,TEC-AC-10001314,239.95,6,0.2,-35.99,155425
US-2017-155425,11/10/2017,11/11/2017,First Class,AB-10600,TEC-PH-10002563,201.58,2,0.2,15.12,155425
CA-2017-133249,7/8/2017,7/11/2017,First Class,SZ-20035,FUR-FU-10001588,145.9,5,0,62.74,133249
US-2015-103471,12/24/2015,12/28/2015,Standard Class,JR-15670,FUR-BO-10002613,590.06,7,0.7,-786.74,103471
US-2015-103471,12/24/2015,12/28/2015,Standard Class,JR-15670,OFF-AR-10003405,14.04,3,0.2,1.58,103471
CA-2017-136672,3/7/2017,3/12/2017,Standard Class,MG-17890,TEC-AC-10004510,49.08,3,0,4.91,136672
US-2014-157021,4/1/2014,4/6/2014,Second Class,KM-16720,OFF-BI-10000042,17.09,4,0.2,5.55,157021
CA-2015-120362,9/14/2015,9/19/2015,Standard Class,CA-12265,FUR-TA-10003008,912.75,5,0,118.66,120362
CA-2014-126361,8/4/2014,8/9/2014,Second Class,VD-21670,OFF-AP-10003590,1089.75,3,0,305.13,126361
CA-2014-126361,8/4/2014,8/9/2014,Second Class,VD-21670,OFF-AR-10000896,16.4,5,0,4.26,126361
CA-2014-126361,8/4/2014,8/9/2014,Second Class,VD-21670,TEC-PH-10002310,399.96,5,0.2,35,126361
CA-2014-126361,8/4/2014,8/9/2014,Second Class,VD-21670,OFF-ST-10002289,158.9,5,0,7.94,126361
CA-2014-126361,8/4/2014,8/9/2014,Second Class,VD-21670,OFF-BI-10002852,13.18,1,0.2,4.78,126361
US-2016-100566,9/3/2016,9/9/2016,Standard Class,JK-16120,FUR-FU-10003394,83.95,3,0.6,-90.25,100566
US-2016-108504,2/5/2016,2/5/2016,Same Day,PP-18955,OFF-ST-10002344,80.98,1,0,1.62,108504
US-2016-108504,2/5/2016,2/5/2016,Same Day,PP-18955,OFF-PA-10001289,348.84,9,0,170.93,108504
US-2016-108504,2/5/2016,2/5/2016,Same Day,PP-18955,OFF-FA-10000053,9.45,5,0,0.19,108504
US-2016-108504,2/5/2016,2/5/2016,Same Day,PP-18955,FUR-BO-10004015,239.98,2,0,52.8,108504
US-2016-108504,2/5/2016,2/5/2016,Same Day,PP-18955,OFF-EN-10003001,167.96,2,0,78.94,108504
US-2016-108504,2/5/2016,2/5/2016,Same Day,PP-18955,TEC-PH-10000215,104.85,3,0,28.31,108504
US-2016-108504,2/5/2016,2/5/2016,Same Day,PP-18955,TEC-PH-10003645,484.83,3,0,126.06,108504
US-2016-108504,2/5/2016,2/5/2016,Same Day,PP-18955,OFF-PA-10000357,122.97,3,0,60.26,108504
US-2016-108504,2/5/2016,2/5/2016,Same Day,PP-18955,OFF-ST-10004804,154.44,3,0,1.54,108504
US-2016-108504,2/5/2016,2/5/2016,Same Day,PP-18955,OFF-PA-10003892,342.37,7,0,160.91,108504
CA-2017-124828,7/3/2017,7/4/2017,First Class,YS-21880,OFF-AR-10003514,9.55,3,0.2,1.55,124828
US-2017-117247,10/9/2017,10/14/2017,Standard Class,CK-12760,FUR-TA-10002958,652.45,5,0.5,-430.62,117247
US-2017-117247,10/9/2017,10/14/2017,Standard Class,CK-12760,FUR-TA-10001676,66.64,3,0.5,-42.65,117247
CA-2016-124485,11/24/2016,11/26/2016,First Class,NC-18340,OFF-BI-10000822,17.22,4,0.2,6.03,124485
CA-2016-124485,11/24/2016,11/26/2016,First Class,NC-18340,TEC-AC-10002323,88.4,4,0,11.49,124485
CA-2016-159212,11/1/2016,11/5/2016,Standard Class,KM-16375,OFF-EN-10002230,251.79,3,0,118.34,159212
US-2016-161396,4/19/2016,4/25/2016,Standard Class,GM-14455,FUR-TA-10002622,205.18,2,0.4,-58.13,161396
US-2016-161396,4/19/2016,4/25/2016,Standard Class,GM-14455,OFF-PA-10000418,419.4,5,0.2,146.79,161396
US-2014-118486,4/6/2014,4/8/2014,First Class,SD-20485,OFF-SU-10004498,10.3,1,0.2,-2.19,118486
US-2014-118486,4/6/2014,4/8/2014,First Class,SD-20485,FUR-TA-10001039,154.76,3,0.4,-36.11,118486
US-2014-118486,4/6/2014,4/8/2014,First Class,SD-20485,TEC-AC-10004659,116.78,2,0.2,21.9,118486
CA-2016-130407,9/2/2016,9/6/2016,Standard Class,KD-16270,OFF-AR-10002240,75.48,2,0,19.62,130407
CA-2016-136329,7/9/2016,7/13/2016,Standard Class,JD-15895,FUR-CH-10002335,408.01,2,0.1,72.53,136329
CA-2016-136329,7/9/2016,7/13/2016,Standard Class,JD-15895,FUR-FU-10000723,165.28,4,0,14.88,136329
CA-2014-146640,6/30/2014,7/5/2014,Standard Class,HA-14905,OFF-BI-10002867,334.77,7,0.2,108.8,146640
CA-2017-115994,1/28/2017,1/31/2017,Second Class,BT-11305,FUR-FU-10003976,37.74,3,0,12.83,115994
CA-2015-126697,9/21/2015,9/24/2015,First Class,SV-20815,TEC-PH-10002922,946.34,7,0.2,118.29,126697
CA-2015-126697,9/21/2015,9/24/2015,First Class,SV-20815,TEC-AC-10004353,151.2,3,0.2,32.13,126697
CA-2015-126697,9/21/2015,9/24/2015,First Class,SV-20815,FUR-FU-10001706,4.93,4,0.6,-1.48,126697
CA-2015-124800,9/26/2015,9/30/2015,Standard Class,RW-19540,OFF-PA-10000501,86.27,4,0.2,31.27,124800
CA-2015-124800,9/26/2015,9/30/2015,Standard Class,RW-19540,OFF-BI-10000778,72.59,2,0.7,-48.39,124800
CA-2015-124800,9/26/2015,9/30/2015,Standard Class,RW-19540,OFF-AP-10004980,60.67,2,0.2,14.41,124800
CA-2015-124800,9/26/2015,9/30/2015,Standard Class,RW-19540,OFF-BI-10003984,77.03,9,0.7,-59.06,124800
CA-2015-124800,9/26/2015,9/30/2015,Standard Class,RW-19540,OFF-ST-10000798,119.9,6,0.2,-1.5,124800
CA-2015-124800,9/26/2015,9/30/2015,Standard Class,RW-19540,TEC-PH-10001750,263.96,5,0.2,23.1,124800
CA-2015-124800,9/26/2015,9/30/2015,Standard Class,RW-19540,OFF-ST-10002743,363.65,4,0.2,-86.37,124800
US-2015-164448,10/31/2015,11/4/2015,Second Class,DK-12835,OFF-BI-10002949,9.73,2,0.2,3.28,164448
US-2015-164448,10/31/2015,11/4/2015,Second Class,DK-12835,OFF-EN-10002600,14.75,5,0,7.08,164448
US-2015-164448,10/31/2015,11/4/2015,Second Class,DK-12835,OFF-BI-10003708,29.8,5,0.2,9.31,164448
US-2015-164448,10/31/2015,11/4/2015,Second Class,DK-12835,OFF-LA-10003510,427.42,14,0,196.61,164448
CA-2017-122700,11/26/2017,11/30/2017,Standard Class,LT-17110,TEC-PH-10003092,220.75,8,0.4,-40.47,122700
CA-2014-120768,12/19/2014,12/21/2014,Second Class,IM-15070,OFF-BI-10001191,152.76,6,0,74.85,120768
CA-2014-120768,12/19/2014,12/21/2014,Second Class,IM-15070,OFF-SU-10004115,7.27,1,0,1.96,120768
CA-2014-120768,12/19/2014,12/21/2014,Second Class,IM-15070,FUR-CH-10000513,1819.86,14,0,163.79,120768
US-2016-153129,12/26/2016,12/30/2016,Standard Class,FP-14320,OFF-PA-10003673,33.9,5,0,15.59,153129
CA-2015-139731,10/15/2015,10/15/2015,Same Day,JE-15745,FUR-CH-10002024,2453.43,5,0.3,-350.49,139731
CA-2017-122735,4/12/2017,4/15/2017,Second Class,BD-11320,OFF-BI-10004364,29.7,5,0,13.36,122735
CA-2017-128160,12/19/2017,12/24/2017,Second Class,MM-17920,OFF-BI-10001510,36.67,2,0.2,11.46,128160
CA-2017-117695,8/5/2017,8/8/2017,First Class,PW-19030,OFF-PA-10002713,13.76,2,0,6.33,117695
CA-2015-166135,10/1/2015,10/6/2015,Standard Class,SC-20440,OFF-ST-10002974,139.42,4,0.2,17.43,166135
CA-2016-133725,5/23/2016,5/28/2016,Standard Class,KL-16645,TEC-PH-10004165,1979.93,9,0.2,148.49,133725
CA-2017-102337,6/13/2017,6/16/2017,First Class,SD-20485,OFF-ST-10004804,164.74,4,0.2,-39.12,102337
CA-2017-102337,6/13/2017,6/16/2017,First Class,SD-20485,FUR-CH-10004289,470.3,7,0.3,-87.34,102337
US-2014-112564,4/23/2014,4/24/2014,First Class,TS-21160,OFF-BI-10004876,2.5,3,0.7,-1.75,112564
CA-2015-145821,5/1/2015,5/7/2015,Standard Class,JB-15400,TEC-PH-10004348,88.75,3,0.2,11.09,145821
US-2015-160150,7/19/2015,7/20/2015,First Class,TS-21085,OFF-BI-10004352,2.02,1,0.7,-1.35,160150
CA-2016-133711,11/26/2016,11/29/2016,First Class,MC-17425,OFF-BI-10000666,91.68,3,0,45.84,133711
CA-2016-133711,11/26/2016,11/29/2016,First Class,MC-17425,OFF-BI-10004352,33.75,5,0,16.88,133711
CA-2016-133711,11/26/2016,11/29/2016,First Class,MC-17425,TEC-MA-10000010,3040,8,0,1459.2,133711
CA-2017-148474,6/12/2017,6/19/2017,Standard Class,ME-17320,OFF-BI-10000977,91.2,3,0,41.95,148474
CA-2017-148474,6/12/2017,6/19/2017,Standard Class,ME-17320,FUR-TA-10002530,452.94,3,0,67.94,148474
CA-2015-111297,8/17/2015,8/21/2015,Standard Class,SC-20440,OFF-BI-10002412,52.2,9,0,23.49,111297
CA-2014-155271,5/4/2014,5/4/2014,Same Day,AA-10480,FUR-FU-10001473,27.46,2,0,9.89,155271
CA-2015-119907,12/1/2015,12/8/2015,Standard Class,LC-17140,OFF-BI-10001765,55.42,2,0.2,19.4,119907
US-2016-128902,3/11/2016,3/15/2016,Standard Class,MB-18085,FUR-TA-10001095,244.01,2,0.3,-31.37,128902
CA-2016-152289,8/26/2016,8/28/2016,First Class,LC-16930,TEC-AC-10004571,159.98,2,0.2,44,152289
CA-2016-152289,8/26/2016,8/28/2016,First Class,LC-16930,FUR-CH-10002126,1024.72,6,0.3,-29.28,152289
US-2016-104794,12/16/2016,12/19/2016,First Class,KD-16495,OFF-FA-10001754,3.68,2,0,1.8,104794
CA-2014-151708,8/8/2014,8/14/2014,Standard Class,MB-17305,FUR-FU-10001602,121.38,4,0.2,-3.03,151708
CA-2015-100769,5/16/2015,5/16/2015,Same Day,TH-21550,TEC-AC-10002402,255.97,4,0.2,32,100769
CA-2017-139199,12/9/2017,12/13/2017,Standard Class,DK-12835,FUR-CH-10000847,872.94,3,0,226.96,139199
CA-2017-139199,12/9/2017,12/13/2017,Standard Class,DK-12835,OFF-BI-10003982,41.54,2,0,19.52,139199
US-2015-161466,9/24/2015,9/27/2015,Second Class,ON-18715,OFF-AR-10000634,6.85,2,0.2,0.6,161466
CA-2017-164959,7/11/2017,7/15/2017,Standard Class,KN-16390,OFF-LA-10004272,8.67,3,0,4.07,164959
US-2015-105676,12/1/2015,12/2/2015,Same Day,NM-18520,FUR-FU-10004270,6.69,4,0.6,-4.01,105676
CA-2016-113138,11/19/2016,11/25/2016,Standard Class,NP-18685,OFF-AR-10003770,17.28,6,0,5.01,113138
US-2017-104955,3/19/2017,3/24/2017,Standard Class,CG-12040,OFF-LA-10003121,28.91,7,0,13.3,104955
CA-2016-121958,11/13/2016,11/17/2016,Standard Class,CS-12505,OFF-SU-10000381,52.14,7,0.2,5.87,121958
CA-2017-121468,11/19/2017,11/20/2017,First Class,KD-16345,TEC-PH-10000376,31.97,4,0.2,2.4,121468
US-2016-108455,12/2/2016,12/8/2016,Standard Class,MK-18160,OFF-PA-10002464,40.46,7,0,19.83,108455
US-2016-108455,12/2/2016,12/8/2016,Standard Class,MK-18160,OFF-ST-10002214,33.87,3,0,8.81,108455
CA-2017-101210,8/25/2017,8/28/2017,Second Class,DW-13540,OFF-PA-10000130,3.42,1,0.2,1.07,101210
US-2016-108098,10/14/2016,10/18/2016,Standard Class,CP-12340,TEC-AC-10000865,177,3,0,30.09,108098
CA-2015-140410,11/3/2015,11/7/2015,Standard Class,CM-12655,TEC-PH-10003580,1212.85,7,0.2,106.12,140410
CA-2015-140410,11/3/2015,11/7/2015,Standard Class,CM-12655,TEC-AC-10001109,89.97,3,0,37.79,140410
CA-2014-136280,11/29/2014,12/6/2014,Standard Class,Co-12640,OFF-LA-10000452,5.04,2,0.2,1.76,136280
CA-2017-151911,4/30/2017,5/5/2017,Second Class,DL-13495,OFF-EN-10002986,62.96,4,0,28.33,151911
CA-2017-166436,11/24/2017,11/28/2017,Standard Class,TS-21370,FUR-CH-10000785,977.29,6,0.1,173.74,166436
CA-2017-139661,10/30/2017,11/3/2017,Standard Class,JW-15220,FUR-FU-10002885,9.64,2,0,3.66,139661
CA-2014-123925,12/17/2014,12/19/2014,Second Class,RF-19840,OFF-AR-10002952,40.05,3,0,11.21,123925
CA-2017-152485,9/4/2017,9/8/2017,Standard Class,JD-15790,OFF-AR-10003759,10.19,7,0.2,3.18,152485
CA-2017-152485,9/4/2017,9/8/2017,Standard Class,JD-15790,OFF-ST-10004950,16.78,1,0.2,-0.21,152485
CA-2017-152485,9/4/2017,9/8/2017,Standard Class,JD-15790,OFF-AR-10001940,13.12,5,0.2,3.77,152485
CA-2016-141586,10/17/2016,10/20/2016,First Class,NK-18490,OFF-BI-10003981,18.16,5,0.2,6.58,141586
CA-2017-130386,11/12/2017,11/18/2017,Standard Class,NG-18430,OFF-PA-10003823,223.06,9,0.2,69.7,130386
CA-2016-100468,11/24/2016,12/1/2016,Standard Class,AT-10435,TEC-PH-10001300,33.52,2,0.2,3.35,100468
CA-2015-153388,8/1/2015,8/7/2015,Standard Class,PC-19000,FUR-TA-10003715,1004.98,6,0.2,-175.87,153388
CA-2016-134208,9/17/2016,9/23/2016,Standard Class,CS-12505,TEC-MA-10004458,396,4,0,190.08,134208
CA-2017-108294,12/10/2017,12/10/2017,Same Day,LS-16975,OFF-BI-10004965,34.5,3,0,15.52,108294
CA-2017-103611,9/12/2017,9/15/2017,First Class,JM-15535,FUR-FU-10004270,8.36,2,0,3.01,103611
CA-2017-100384,6/24/2017,7/1/2017,Standard Class,NH-18610,OFF-AR-10002135,385.6,8,0,111.82,100384
CA-2017-100384,6/24/2017,7/1/2017,Standard Class,NH-18610,OFF-AR-10003514,35.82,9,0,11.82,100384
CA-2017-112809,8/18/2017,8/22/2017,Standard Class,RA-19915,OFF-ST-10002276,200.06,3,0.2,12.5,112809
CA-2017-112809,8/18/2017,8/22/2017,Standard Class,RA-19915,OFF-BI-10001098,21.38,5,0.8,-33.14,112809
CA-2017-112809,8/18/2017,8/22/2017,Standard Class,RA-19915,OFF-BI-10001636,6.74,4,0.8,-11.46,112809
US-2017-160759,12/11/2017,12/17/2017,Standard Class,AI-10855,FUR-CH-10002961,63.69,1,0.3,-9.1,160759
CA-2017-148446,12/10/2017,12/14/2017,Second Class,MC-17845,FUR-TA-10004256,1669.6,4,0,116.87,148446
CA-2014-111059,2/3/2014,2/6/2014,Second Class,TB-21400,OFF-BI-10004593,83.84,2,0.2,27.25,111059
CA-2014-111059,2/3/2014,2/6/2014,Second Class,TB-21400,OFF-BI-10002827,13.27,3,0.2,4.31,111059
CA-2017-116204,2/11/2017,2/14/2017,Second Class,VW-21775,OFF-BI-10001759,21.34,7,0.2,7.73,116204
CA-2015-144806,12/6/2015,12/11/2015,Standard Class,GH-14425,FUR-FU-10002253,206.11,6,0.2,48.95,144806
CA-2015-144806,12/6/2015,12/11/2015,Standard Class,GH-14425,OFF-ST-10004804,247.1,6,0.2,-58.69,144806
CA-2016-122392,7/22/2016,7/27/2016,Standard Class,CJ-12010,OFF-AR-10002221,4.16,2,0.2,0.36,122392
CA-2015-148432,11/7/2015,11/10/2015,Second Class,MC-18130,OFF-FA-10004968,26.18,7,0,0.52,148432
CA-2015-103793,3/26/2015,3/31/2015,Standard Class,BV-11245,OFF-PA-10001125,74.35,3,0.2,23.24,103793
CA-2017-159884,8/31/2017,9/5/2017,Standard Class,JF-15490,OFF-ST-10000344,10.74,1,0.2,0.81,159884
CA-2017-159884,8/31/2017,9/5/2017,Standard Class,JF-15490,OFF-FA-10000585,8.38,3,0.2,2.72,159884
CA-2016-139885,12/4/2016,12/8/2016,Standard Class,EB-13840,OFF-ST-10003324,212.88,6,0,0,139885
CA-2017-124086,2/10/2017,2/14/2017,Standard Class,MP-18175,FUR-BO-10004015,203.98,2,0.15,16.8,124086
CA-2016-112389,10/29/2016,11/2/2016,Standard Class,JM-15655,OFF-ST-10000419,40.74,3,0,0.41,112389
CA-2016-112389,10/29/2016,11/2/2016,Standard Class,JM-15655,OFF-AP-10001626,11.67,3,0,3.03,112389
CA-2017-121888,9/15/2017,9/17/2017,Second Class,CL-11890,TEC-PH-10000439,39.99,1,0,11.6,121888
CA-2017-121888,9/15/2017,9/17/2017,Second Class,CL-11890,OFF-AR-10003478,16.28,2,0,6.51,121888
CA-2017-121888,9/15/2017,9/17/2017,Second Class,CL-11890,FUR-BO-10002545,782.94,3,0,203.56,121888
CA-2017-121888,9/15/2017,9/17/2017,Second Class,CL-11890,OFF-BI-10001765,242.48,7,0,116.39,121888
CA-2014-166884,3/11/2014,3/16/2014,Second Class,CK-12205,FUR-FU-10003981,8.32,5,0.2,2.29,166884
CA-2014-166884,3/11/2014,3/16/2014,Second Class,CK-12205,OFF-FA-10001561,10.46,6,0.2,1.7,166884
CA-2014-107181,2/4/2014,2/8/2014,Standard Class,DB-13270,OFF-BI-10004230,82.9,3,0.2,29.01,107181
CA-2014-107181,2/4/2014,2/8/2014,Standard Class,DB-13270,OFF-PA-10000350,34.24,4,0,16.09,107181
CA-2014-150245,12/31/2014,1/4/2015,Second Class,PC-18745,FUR-BO-10002613,1573.49,7,0.2,196.69,150245
CA-2015-111395,11/23/2015,11/27/2015,Standard Class,VB-21745,OFF-BI-10002867,23.91,2,0.8,-40.65,111395
CA-2015-111395,11/23/2015,11/27/2015,Standard Class,VB-21745,OFF-ST-10001291,27.06,2,0.2,2.37,111395
CA-2014-134278,7/6/2014,7/8/2014,First Class,EP-13915,TEC-CO-10001046,559.99,1,0.2,175,134278
US-2017-124926,11/13/2017,11/18/2017,Second Class,ME-17320,OFF-AP-10004868,9.32,6,0.8,-24.71,124926
CA-2016-159345,6/17/2016,6/22/2016,Standard Class,IG-15085,OFF-PA-10000806,111.96,2,0,54.86,159345
CA-2017-158386,10/16/2017,10/21/2017,Standard Class,BO-11425,OFF-BI-10003719,124.75,5,0,57.38,158386
CA-2017-120761,9/4/2017,9/8/2017,Standard Class,AB-10150,TEC-AC-10000171,91.96,4,0,39.54,120761
CA-2016-109176,5/9/2016,5/15/2016,Standard Class,JW-16075,OFF-AR-10001955,79.36,5,0.2,9.92,109176
CA-2015-112116,3/16/2015,3/18/2015,Second Class,JE-15475,FUR-TA-10001039,171.96,2,0,44.71,112116
CA-2016-126809,4/9/2016,4/13/2016,Standard Class,EB-13750,OFF-BI-10003712,35.35,9,0.2,12.82,126809
CA-2014-105172,4/4/2014,4/9/2014,Standard Class,PK-18910,OFF-LA-10001641,18.9,6,0,9.07,105172
CA-2015-158554,11/9/2015,11/9/2015,Same Day,CM-12190,OFF-PA-10004000,11.35,3,0.2,4.12,158554
CA-2014-116239,3/4/2014,3/4/2014,Same Day,CL-12565,OFF-ST-10001370,354.9,5,0,17.74,116239
CA-2015-132101,3/19/2015,3/25/2015,Standard Class,JO-15550,TEC-PH-10004539,453.58,3,0.2,39.69,132101
CA-2015-129112,11/29/2015,11/30/2015,First Class,AW-10840,TEC-AC-10003038,21.48,3,0.2,-0.27,129112
CA-2015-129112,11/29/2015,11/30/2015,First Class,AW-10840,OFF-BI-10000088,8.78,4,0.8,-13.62,129112
CA-2017-165029,11/26/2017,11/30/2017,Standard Class,AH-10075,OFF-AR-10003504,12.84,3,0,3.72,165029
US-2014-157385,11/23/2014,11/25/2014,First Class,SC-20095,OFF-EN-10003160,21.84,3,0,10.48,157385
US-2014-157385,11/23/2014,11/25/2014,First Class,SC-20095,FUR-CH-10000595,381.44,2,0.2,23.84,157385
CA-2014-101602,12/15/2014,12/18/2014,First Class,MC-18100,TEC-PH-10000169,40.68,3,0.2,-9.15,101602
CA-2014-101602,12/15/2014,12/18/2014,First Class,MC-18100,FUR-CH-10004675,763.28,5,0.3,-21.81,101602
CA-2016-109057,4/22/2016,4/27/2016,Standard Class,TT-21460,OFF-ST-10002406,23.95,2,0.2,2.4,109057
CA-2016-154403,5/23/2016,5/27/2016,Standard Class,AP-10720,OFF-PA-10001526,4.98,1,0,2.44,154403
CA-2016-102456,2/27/2016,3/1/2016,First Class,DL-12865,OFF-AP-10004336,170.88,3,0,49.56,102456
CA-2015-131338,8/9/2015,8/12/2015,First Class,NP-18325,FUR-TA-10002607,382.81,9,0.4,-153.12,131338
CA-2015-131338,8/9/2015,8/12/2015,First Class,NP-18325,OFF-BI-10000545,1217.57,2,0.2,456.59,131338
CA-2015-131338,8/9/2015,8/12/2015,First Class,NP-18325,OFF-FA-10000992,10.65,3,0,5.01,131338
CA-2016-109911,5/12/2016,5/16/2016,Standard Class,VG-21805,OFF-AR-10001662,10.96,4,0,2.96,109911
US-2016-132423,4/15/2016,4/19/2016,Standard Class,MY-18295,OFF-AR-10001221,33.49,7,0.2,5.86,132423
US-2016-132423,4/15/2016,4/19/2016,Standard Class,MY-18295,OFF-FA-10002988,8.04,5,0.2,2.91,132423
CA-2015-122826,6/23/2015,6/25/2015,Second Class,RD-19480,TEC-PH-10004830,201.57,4,0.2,22.68,122826
CA-2014-117317,10/19/2014,10/19/2014,Same Day,JF-15490,OFF-PA-10004519,13.44,3,0,6.59,117317
CA-2015-118423,3/24/2015,3/27/2015,First Class,DP-13390,FUR-BO-10000362,359.06,3,0.3,-35.91,118423
CA-2017-149181,5/8/2017,5/12/2017,Standard Class,MD-17350,FUR-CH-10004540,47.99,2,0.3,-2.06,149181
CA-2017-132234,10/16/2017,10/18/2017,First Class,MY-17380,FUR-FU-10001290,547.3,13,0,175.14,132234
CA-2017-158876,11/19/2017,11/21/2017,Second Class,AB-10150,OFF-PA-10000308,16.9,4,0.2,5.28,158876
CA-2017-116645,11/30/2017,12/4/2017,Standard Class,ME-17725,OFF-AR-10001044,155.94,6,0,45.22,116645
US-2016-115819,4/19/2016,4/24/2016,Second Class,JO-15280,OFF-AR-10000823,5.46,3,0,1.53,115819
US-2016-115819,4/19/2016,4/24/2016,Second Class,JO-15280,OFF-AR-10004456,73.2,5,0,21.23,115819
US-2016-115819,4/19/2016,4/24/2016,Second Class,JO-15280,OFF-BI-10000591,9.34,3,0.2,3.27,115819
CA-2014-156349,5/26/2014,5/30/2014,Standard Class,ML-17395,FUR-BO-10000362,290.67,2,0.15,27.36,156349
CA-2014-156349,5/26/2014,5/30/2014,Standard Class,ML-17395,TEC-PH-10002726,83.98,2,0.2,31.49,156349
CA-2017-138380,12/21/2017,12/25/2017,Standard Class,YS-21880,OFF-ST-10003306,1000.02,7,0,290.01,138380
CA-2015-130022,8/10/2015,8/16/2015,Standard Class,JK-16120,OFF-LA-10002787,3.75,1,0,1.8,130022
CA-2015-130022,8/10/2015,8/16/2015,Standard Class,JK-16120,OFF-LA-10002043,41.4,4,0,19.87,130022
CA-2015-130022,8/10/2015,8/16/2015,Standard Class,JK-16120,OFF-AR-10001915,29.79,3,0,12.51,130022
US-2016-118780,9/10/2016,9/14/2016,Second Class,PN-18775,OFF-ST-10000352,59.48,2,0,8.92,118780
US-2016-118780,9/10/2016,9/14/2016,Second Class,PN-18775,OFF-PA-10000575,6.69,1,0,3.08,118780
CA-2017-108560,7/8/2017,7/15/2017,Standard Class,JC-15385,FUR-FU-10002937,198.46,2,0,99.23,108560
CA-2017-108560,7/8/2017,7/15/2017,Standard Class,JC-15385,OFF-LA-10003930,786.48,8,0,385.38,108560
CA-2017-108560,7/8/2017,7/15/2017,Standard Class,JC-15385,OFF-BI-10001107,23.17,2,0.2,7.82,108560
CA-2017-108560,7/8/2017,7/15/2017,Standard Class,JC-15385,TEC-AC-10003063,50,2,0,10.5,108560
CA-2015-157084,12/19/2015,12/24/2015,Standard Class,JG-15160,TEC-PH-10002922,675.96,5,0.2,84.5,157084
CA-2015-157084,12/19/2015,12/24/2015,Standard Class,JG-15160,TEC-AC-10002049,1265.85,3,0,556.97,157084
CA-2015-164539,11/16/2015,11/22/2015,Standard Class,PO-19180,OFF-AP-10002457,523.25,5,0,141.28,164539
CA-2015-143119,9/24/2015,9/30/2015,Standard Class,MC-17275,FUR-CH-10001270,517.5,6,0,155.25,143119
CA-2017-101049,6/21/2017,6/25/2017,Second Class,AS-10240,FUR-FU-10004415,17.92,5,0.2,2.46,101049
CA-2017-101049,6/21/2017,6/25/2017,Second Class,AS-10240,OFF-BI-10001510,41.26,6,0.7,-34.38,101049
CA-2016-106530,5/8/2016,5/8/2016,Same Day,CL-12565,OFF-ST-10002011,1006.06,3,0.2,88.03,106530
CA-2016-106530,5/8/2016,5/8/2016,Same Day,CL-12565,OFF-PA-10002986,10.69,2,0.2,3.74,106530
CA-2016-106530,5/8/2016,5/8/2016,Same Day,CL-12565,OFF-ST-10000649,25.12,2,0.2,1.57,106530
CA-2014-168984,11/26/2014,12/2/2014,Standard Class,NW-18400,OFF-ST-10001097,669.08,5,0.2,-167.27,168984
CA-2014-168984,11/26/2014,12/2/2014,Standard Class,NW-18400,TEC-PH-10000038,438.34,4,0.2,-87.67,168984
CA-2016-157266,5/26/2016,6/1/2016,Standard Class,TB-21280,OFF-PA-10004675,12.7,2,0,5.84,157266
CA-2016-157266,5/26/2016,6/1/2016,Standard Class,TB-21280,FUR-FU-10000629,41.37,3,0,17.38,157266
US-2014-134712,11/29/2014,12/4/2014,Standard Class,BS-11380,OFF-FA-10003112,12.62,2,0.2,3.94,134712
CA-2015-111829,3/19/2015,3/20/2015,First Class,FH-14365,OFF-ST-10000142,1247.64,3,0,349.34,111829
CA-2015-111829,3/19/2015,3/20/2015,First Class,FH-14365,TEC-CO-10001766,3149.93,7,0,1480.47,111829
CA-2015-111829,3/19/2015,3/20/2015,First Class,FH-14365,OFF-PA-10004359,209.7,2,0,100.66,111829
CA-2015-105221,11/1/2015,11/3/2015,First Class,VM-21685,TEC-AC-10002323,35.36,2,0.2,-3.09,105221
CA-2015-120341,9/26/2015,9/29/2015,Second Class,SF-20200,OFF-BI-10004224,121.1,6,0.7,-100.92,120341
CA-2015-120341,9/26/2015,9/29/2015,Second Class,SF-20200,TEC-PH-10003357,45.89,1,0.4,-9.18,120341
CA-2014-135699,8/29/2014,8/29/2014,Same Day,HH-15010,OFF-PA-10004475,109.92,2,0,53.86,135699
US-2017-132444,11/18/2017,11/21/2017,First Class,CD-12280,OFF-ST-10003442,169.68,6,0,45.81,132444
US-2017-132444,11/18/2017,11/21/2017,First Class,CD-12280,OFF-ST-10000563,95.94,3,0,9.59,132444
CA-2014-127159,5/12/2014,5/15/2014,First Class,HL-15040,FUR-FU-10000010,34.79,7,0,10.78,127159
CA-2017-161809,1/20/2017,1/26/2017,Standard Class,TH-21100,TEC-PH-10004922,160.78,3,0.2,10.05,161809
CA-2017-144526,4/30/2017,5/6/2017,Standard Class,QJ-19255,OFF-BI-10002353,13.9,3,0.7,-9.26,144526
CA-2016-128531,11/24/2016,11/26/2016,Second Class,NS-18505,OFF-ST-10001325,41.92,5,0.2,3.67,128531
CA-2016-128531,11/24/2016,11/26/2016,Second Class,NS-18505,TEC-AC-10002049,297.58,3,0.2,-7.44,128531
CA-2016-128531,11/24/2016,11/26/2016,Second Class,NS-18505,OFF-FA-10002676,4.34,3,0.2,0.87,128531
CA-2016-128531,11/24/2016,11/26/2016,Second Class,NS-18505,TEC-AC-10003023,94.99,2,0.2,-2.37,128531
US-2015-157154,1/10/2015,1/15/2015,Standard Class,MM-17920,FUR-TA-10001889,1018.1,4,0.4,-373.3,157154
CA-2017-159457,10/19/2017,10/26/2017,Standard Class,RD-19480,TEC-PH-10002185,16.68,3,0.2,5.21,159457
CA-2016-107615,3/22/2016,3/25/2016,First Class,RB-19645,TEC-AC-10001013,58.58,2,0,19.33,107615
CA-2015-150560,12/11/2015,12/12/2015,First Class,SW-20455,OFF-LA-10003930,196.62,2,0,96.34,150560
CA-2015-143077,9/17/2015,9/21/2015,Standard Class,SF-20965,FUR-FU-10003535,21.94,2,0.6,-10.42,143077
CA-2015-143077,9/17/2015,9/21/2015,Standard Class,SF-20965,OFF-BI-10000088,6.59,3,0.8,-10.21,143077
CA-2016-122728,5/18/2016,5/24/2016,Standard Class,EB-13930,OFF-ST-10000604,104.28,3,0,26.07,122728
CA-2016-122728,5/18/2016,5/24/2016,Standard Class,EB-13930,OFF-PA-10004040,17.94,3,0,8.79,122728
CA-2014-122882,9/7/2014,9/13/2014,Standard Class,SB-20290,OFF-ST-10002344,64.78,1,0.2,-14.58,122882
CA-2014-122882,9/7/2014,9/13/2014,Standard Class,SB-20290,TEC-PH-10003589,32.38,3,0.4,4.32,122882
CA-2014-122882,9/7/2014,9/13/2014,Standard Class,SB-20290,FUR-FU-10000758,42.37,2,0.2,8.47,122882
CA-2014-122882,9/7/2014,9/13/2014,Standard Class,SB-20290,TEC-MA-10004679,399.54,4,0.7,-559.36,122882
US-2016-101497,9/29/2016,10/1/2016,Second Class,PS-18760,OFF-PA-10000176,18.97,1,0,9.11,101497
CA-2016-147585,11/7/2016,11/12/2016,Standard Class,CB-12535,FUR-FU-10002597,14.82,3,0,6.22,147585
CA-2017-149489,4/24/2017,4/27/2017,First Class,DK-12835,OFF-AP-10002495,99.28,2,0.2,12.41,149489
CA-2017-149489,4/24/2017,4/27/2017,First Class,DK-12835,OFF-BI-10002813,1.19,2,0.7,-0.99,149489
CA-2017-149489,4/24/2017,4/27/2017,First Class,DK-12835,OFF-BI-10002414,7.52,2,0.7,-5.76,149489
CA-2014-142839,8/16/2014,8/20/2014,Standard Class,TS-21610,FUR-TA-10001539,853.09,6,0.4,-227.49,142839
CA-2017-129833,12/9/2017,12/15/2017,Standard Class,HF-14995,OFF-PA-10000575,33.45,5,0,15.39,129833
CA-2017-129833,12/9/2017,12/15/2017,Standard Class,HF-14995,OFF-BI-10004182,10.4,5,0,5.1,129833
US-2016-158708,6/26/2016,6/29/2016,Second Class,AB-10255,TEC-AC-10003133,13.62,2,0.2,3.57,158708
CA-2015-156335,9/25/2015,9/28/2015,Second Class,PO-19195,TEC-AC-10002006,63.96,4,0,19.83,156335
CA-2015-156335,9/25/2015,9/28/2015,Second Class,PO-19195,OFF-BI-10003314,14.46,3,0,7.09,156335
CA-2015-156335,9/25/2015,9/28/2015,Second Class,PO-19195,TEC-PH-10002726,104.98,2,0,52.49,156335
CA-2015-148376,12/27/2015,12/31/2015,Standard Class,AG-10900,OFF-AP-10000240,106.96,2,0,31.02,148376
CA-2014-135657,6/3/2014,6/7/2014,Second Class,SC-20725,FUR-TA-10004086,515.88,6,0,113.49,135657
CA-2015-114069,7/13/2015,7/15/2015,Second Class,ND-18370,FUR-CH-10000595,1931.04,9,0.1,321.84,114069
CA-2016-106306,3/8/2016,3/8/2016,Same Day,PG-18820,OFF-BI-10003676,9.7,3,0.7,-7.11,106306
CA-2015-100545,11/22/2015,11/26/2015,Standard Class,IM-15070,OFF-BI-10003638,11.61,2,0.7,-9.29,100545
CA-2017-123491,10/30/2017,11/5/2017,Standard Class,JK-15205,OFF-LA-10003077,43.86,6,0,20.61,123491
CA-2017-123491,10/30/2017,11/5/2017,Standard Class,JK-15205,TEC-PH-10003505,148.48,2,0.2,16.7,123491
CA-2017-123491,10/30/2017,11/5/2017,Standard Class,JK-15205,OFF-PA-10003424,7.42,2,0,3.71,123491
CA-2017-123491,10/30/2017,11/5/2017,Standard Class,JK-15205,FUR-CH-10003061,71.99,1,0.2,-0.9,123491
CA-2017-123491,10/30/2017,11/5/2017,Standard Class,JK-15205,OFF-AP-10002684,1702.12,14,0,510.64,123491
CA-2015-145401,1/30/2015,2/4/2015,Standard Class,JP-15520,OFF-PA-10004405,14.3,6,0.2,5.01,145401
US-2017-124968,9/8/2017,9/13/2017,Second Class,MM-18055,FUR-TA-10004289,765.62,7,0.5,-566.56,124968
CA-2017-104003,10/7/2017,10/13/2017,Standard Class,DC-13285,FUR-BO-10003965,307.67,2,0.15,-14.48,104003
CA-2016-169943,5/19/2016,5/24/2016,Standard Class,BN-11515,OFF-AP-10001563,242.9,5,0,70.44,169943
CA-2016-169943,5/19/2016,5/24/2016,Standard Class,BN-11515,OFF-ST-10004123,454.9,5,0,0,169943
CA-2016-169943,5/19/2016,5/24/2016,Standard Class,BN-11515,FUR-FU-10002088,35.92,4,0,15.09,169943
CA-2016-169943,5/19/2016,5/24/2016,Standard Class,BN-11515,FUR-FU-10000010,39.76,8,0,12.33,169943
CA-2016-169943,5/19/2016,5/24/2016,Standard Class,BN-11515,OFF-BI-10002824,47.74,4,0.2,14.92,169943
CA-2015-127453,12/19/2015,12/20/2015,First Class,JK-15370,OFF-AP-10000828,434.35,3,0.2,43.44,127453
CA-2015-127453,12/19/2015,12/20/2015,First Class,JK-15370,OFF-AP-10002906,3.55,2,0.2,0.44,127453
CA-2015-127453,12/19/2015,12/20/2015,First Class,JK-15370,OFF-AP-10003860,88.83,4,0.2,7.77,127453
US-2017-164056,4/29/2017,5/4/2017,Second Class,FM-14215,FUR-TA-10001307,1048.35,5,0.4,-69.89,164056
CA-2016-106894,2/7/2016,2/7/2016,Same Day,CA-12265,TEC-AC-10003063,100,4,0,21,106894
CA-2016-106894,2/7/2016,2/7/2016,Same Day,CA-12265,OFF-LA-10001045,7.83,3,0,3.6,106894
CA-2014-125136,9/28/2014,10/3/2014,Standard Class,KD-16495,OFF-PA-10001457,96.26,8,0.2,31.28,125136
US-2016-131149,7/10/2016,7/14/2016,Standard Class,LH-17155,OFF-AR-10002135,154.24,4,0.2,17.35,131149
CA-2017-101483,7/29/2017,8/1/2017,Second Class,AG-10675,OFF-AP-10002082,34.85,2,0.2,6.53,101483
CA-2015-130204,9/3/2015,9/9/2015,Standard Class,DB-13120,TEC-AC-10003038,17.9,2,0,3.4,130204
CA-2015-130204,9/3/2015,9/9/2015,Standard Class,DB-13120,TEC-AC-10003590,129.45,5,0,46.6,130204
CA-2014-110527,8/9/2014,8/16/2014,Standard Class,ED-13885,OFF-LA-10000262,20.88,8,0,9.6,110527
CA-2017-152807,10/30/2017,11/3/2017,Standard Class,MC-18100,FUR-FU-10004415,7.17,2,0.2,0.99,152807
CA-2017-152807,10/30/2017,11/3/2017,Standard Class,MC-18100,OFF-ST-10002486,11.17,2,0.2,-2.51,152807
CA-2017-152807,10/30/2017,11/3/2017,Standard Class,MC-18100,TEC-AC-10001142,442.4,7,0.2,-55.3,152807
CA-2016-155670,8/13/2016,8/17/2016,Second Class,EM-14065,OFF-BI-10000138,11.23,8,0.7,-8.24,155670
CA-2016-155670,8/13/2016,8/17/2016,Second Class,EM-14065,OFF-PA-10004947,10.27,3,0.2,3.21,155670
CA-2015-139094,11/22/2015,11/27/2015,Standard Class,MO-17800,FUR-TA-10004607,206.96,2,0.3,-32.52,139094
CA-2017-168837,10/14/2017,10/17/2017,First Class,JW-15955,FUR-FU-10001918,9.46,2,0,3.69,168837
CA-2017-116715,12/2/2017,12/5/2017,First Class,VW-21775,OFF-ST-10004340,559.62,9,0,151.1,116715
CA-2015-135622,12/8/2015,12/11/2015,Second Class,TT-21460,OFF-PA-10000100,360.71,11,0.2,130.76,135622
CA-2015-135622,12/8/2015,12/11/2015,Second Class,TT-21460,TEC-PH-10001817,1718.4,6,0.2,150.36,135622
US-2015-107349,7/13/2015,7/15/2015,First Class,SL-20155,OFF-BI-10001765,41.57,6,0.8,-66.51,107349
CA-2014-139017,5/11/2014,5/17/2014,Standard Class,RM-19375,TEC-AC-10001013,46.86,2,0.2,7.62,139017
CA-2014-141817,1/5/2014,1/12/2014,Standard Class,MB-18085,OFF-AR-10003478,19.54,3,0.2,4.88,141817
CA-2015-130785,9/5/2015,9/9/2015,Standard Class,AG-10900,FUR-BO-10000330,411.33,4,0.15,-4.84,130785
CA-2015-130785,9/5/2015,9/9/2015,Standard Class,AG-10900,OFF-BI-10001900,28.75,6,0.2,9.7,130785
CA-2015-130785,9/5/2015,9/9/2015,Standard Class,AG-10900,FUR-BO-10003159,293.2,3,0.15,-20.7,130785
CA-2016-110254,8/4/2016,8/8/2016,Standard Class,ML-17755,OFF-SU-10002573,35.06,2,0,10.52,110254
CA-2016-110254,8/4/2016,8/8/2016,Standard Class,ML-17755,OFF-LA-10004484,4.13,1,0,1.9,110254
CA-2016-110254,8/4/2016,8/8/2016,Standard Class,ML-17755,FUR-FU-10001591,109.8,9,0,46.12,110254
US-2014-158057,3/22/2014,3/26/2014,Standard Class,CC-12685,OFF-BI-10004410,7.64,4,0.7,-5.86,158057
US-2014-158057,3/22/2014,3/26/2014,Standard Class,CC-12685,OFF-BI-10002735,51.46,5,0.7,-39.46,158057
CA-2017-146024,3/2/2017,3/8/2017,Standard Class,SC-20770,OFF-SU-10001935,6.98,4,0.2,-1.4,146024
CA-2017-146024,3/2/2017,3/8/2017,Standard Class,SC-20770,OFF-BI-10003291,12.22,7,0.8,-20.17,146024
CA-2016-129686,11/27/2016,11/29/2016,Second Class,GG-14650,OFF-ST-10004337,97.98,2,0.2,-24.5,129686
CA-2016-129686,11/27/2016,11/29/2016,Second Class,GG-14650,TEC-AC-10001266,62.4,6,0.2,19.5,129686
CA-2014-118976,4/28/2014,5/3/2014,Standard Class,MY-18295,OFF-BI-10001628,20.86,2,0,9.39,118976
CA-2014-118976,4/28/2014,5/3/2014,Standard Class,MY-18295,OFF-ST-10000877,497.61,9,0,129.38,118976
CA-2014-118976,4/28/2014,5/3/2014,Standard Class,MY-18295,OFF-AR-10004752,5.34,2,0,1.5,118976
CA-2015-105347,11/24/2015,11/28/2015,Standard Class,DP-13000,OFF-PA-10000675,368.91,9,0,180.77,105347
CA-2016-124667,11/11/2016,11/16/2016,Standard Class,BD-11770,OFF-ST-10002276,83.36,1,0,20.84,124667
CA-2015-111094,7/9/2015,7/13/2015,Standard Class,CB-12535,OFF-PA-10001609,6.58,2,0,3.03,111094
CA-2015-111094,7/9/2015,7/13/2015,Standard Class,CB-12535,OFF-BI-10001597,122.94,3,0,59.01,111094
CA-2017-166317,9/22/2017,9/26/2017,Standard Class,JE-15610,OFF-PA-10004475,219.84,4,0,107.72,166317
CA-2017-166317,9/22/2017,9/26/2017,Standard Class,JE-15610,TEC-AC-10004510,98.16,6,0,9.82,166317
CA-2017-166317,9/22/2017,9/26/2017,Standard Class,JE-15610,OFF-BI-10002976,33.04,8,0,15.53,166317
CA-2015-154326,2/15/2015,2/19/2015,Standard Class,RP-19855,TEC-PH-10001819,134.97,3,0,64.79,154326
CA-2015-154326,2/15/2015,2/19/2015,Standard Class,RP-19855,TEC-PH-10000560,699.98,2,0,195.99,154326
CA-2015-154326,2/15/2015,2/19/2015,Standard Class,RP-19855,TEC-AC-10004568,139.95,5,0,26.59,154326
CA-2014-102008,9/30/2014,10/4/2014,Standard Class,RA-19915,OFF-PA-10004092,48.94,1,0,24.47,102008
CA-2014-120474,12/1/2014,12/3/2014,First Class,RP-19390,FUR-CH-10001854,2807.84,8,0,673.88,120474
CA-2014-120474,12/1/2014,12/3/2014,First Class,RP-19390,OFF-AR-10000475,46.64,4,0,12.59,120474
CA-2014-104773,12/8/2014,12/13/2014,Standard Class,TB-21175,OFF-ST-10000777,60.42,2,0.2,6.04,104773
CA-2016-140774,9/5/2016,9/10/2016,Standard Class,BE-11455,OFF-AR-10004022,107.94,3,0,26.98,140774
US-2017-139465,8/27/2017,8/30/2017,First Class,MR-17545,OFF-ST-10002352,63.84,8,0,16.6,139465
US-2017-139465,8/27/2017,8/30/2017,First Class,MR-17545,TEC-PH-10000455,347.97,3,0,100.91,139465
US-2017-139465,8/27/2017,8/30/2017,First Class,MR-17545,OFF-BI-10003910,37.01,6,0.2,11.56,139465
CA-2016-100965,7/7/2016,7/11/2016,Standard Class,RM-19375,FUR-FU-10003039,215.65,5,0,73.32,100965
CA-2016-121034,8/8/2016,8/10/2016,Second Class,JF-15565,OFF-PA-10001994,53.95,3,0.2,17.53,121034
CA-2016-149461,11/13/2016,11/19/2016,Standard Class,AS-10135,FUR-FU-10004270,4.18,1,0,1.5,149461
CA-2017-158379,9/22/2017,9/26/2017,Second Class,JA-15970,OFF-BI-10002498,5.61,1,0.7,-4.3,158379
CA-2017-158379,9/22/2017,9/26/2017,Second Class,JA-15970,OFF-SU-10002881,4663.74,7,0.2,-1049.34,158379
CA-2017-158379,9/22/2017,9/26/2017,Second Class,JA-15970,TEC-AC-10002926,79.98,2,0.2,23,158379
US-2016-116729,12/25/2016,12/28/2016,First Class,GK-14620,TEC-PH-10002200,2575.94,7,0.2,257.59,116729
US-2016-116729,12/25/2016,12/28/2016,First Class,GK-14620,OFF-PA-10002005,45.36,7,0,21.77,116729
US-2016-116729,12/25/2016,12/28/2016,First Class,GK-14620,TEC-AC-10001465,254.24,7,0,76.27,116729
CA-2016-164938,2/11/2016,2/13/2016,First Class,PB-19210,TEC-PH-10004897,69.93,7,0,0.7,164938
CA-2016-165484,10/23/2016,10/29/2016,Standard Class,HK-14890,FUR-FU-10001196,16.16,7,0.6,-12.12,165484
CA-2016-165484,10/23/2016,10/29/2016,Standard Class,HK-14890,OFF-PA-10000595,54.82,3,0.2,17.82,165484
CA-2014-132612,6/9/2014,6/11/2014,Second Class,FO-14305,FUR-TA-10004534,1441.3,7,0,245.02,132612
US-2017-161193,11/20/2017,11/26/2017,Standard Class,BT-11680,FUR-FU-10000206,4.66,2,0.2,1.57,161193
CA-2015-131597,9/14/2015,9/18/2015,Standard Class,SP-20620,FUR-TA-10002607,170.14,3,0.2,-8.51,131597
CA-2015-164833,6/4/2015,6/4/2015,Same Day,LL-16840,OFF-LA-10000443,7.38,2,0,3.47,164833
CA-2015-164833,6/4/2015,6/4/2015,Same Day,LL-16840,OFF-AR-10004685,9.26,2,0,3.06,164833
US-2014-130379,5/25/2014,5/29/2014,Standard Class,JL-15235,OFF-AP-10001394,75.6,2,0.8,-166.32,130379
US-2014-130379,5/25/2014,5/29/2014,Standard Class,JL-15235,FUR-FU-10002553,29.32,2,0.6,-24.19,130379
CA-2016-168956,2/16/2016,2/20/2016,Standard Class,EA-14035,OFF-AP-10004233,92.06,6,0.8,-225.56,168956
CA-2016-168956,2/16/2016,2/20/2016,Standard Class,EA-14035,FUR-CH-10004754,62.96,3,0.3,-2.7,168956
CA-2016-167507,12/22/2016,12/28/2016,Standard Class,SA-20830,OFF-BI-10003694,31.32,10,0.7,-25.06,167507
CA-2016-167507,12/22/2016,12/28/2016,Standard Class,SA-20830,FUR-FU-10001935,11.84,4,0.2,3.11,167507
CA-2016-167507,12/22/2016,12/28/2016,Standard Class,SA-20830,FUR-FU-10002878,22.78,1,0.2,4.84,167507
CA-2016-109344,2/8/2016,2/11/2016,Second Class,CH-12070,TEC-PH-10002624,1127.98,3,0.2,126.9,109344
CA-2014-103373,5/18/2014,5/24/2014,Standard Class,BS-11755,TEC-PH-10002885,779.8,2,0.4,-168.96,103373
CA-2017-145884,10/21/2017,10/21/2017,Same Day,SL-20155,TEC-PH-10000895,1439.92,8,0,374.38,145884
CA-2017-145884,10/21/2017,10/21/2017,Same Day,SL-20155,FUR-TA-10002356,262.11,1,0,62.91,145884
CA-2017-162691,8/1/2017,8/7/2017,Standard Class,AS-10045,TEC-MA-10000488,1439.98,3,0.4,-264,162691
CA-2017-162691,8/1/2017,8/7/2017,Standard Class,AS-10045,OFF-PA-10003729,36.29,7,0.2,12.7,162691
CA-2014-141278,6/21/2014,6/24/2014,First Class,RM-19375,OFF-AR-10003056,21.4,5,0,6.21,141278
CA-2017-122693,2/19/2017,2/21/2017,Second Class,NH-18610,OFF-AP-10002518,1245.86,7,0,361.3,122693
CA-2014-117345,8/1/2014,8/5/2014,Standard Class,BF-10975,OFF-LA-10000240,17.54,3,0.2,5.92,117345
CA-2014-117345,8/1/2014,8/5/2014,Standard Class,BF-10975,FUR-FU-10000629,44.13,4,0.2,12.14,117345
CA-2014-117345,8/1/2014,8/5/2014,Standard Class,BF-10975,OFF-AP-10001005,62.92,1,0.2,10.22,117345
CA-2016-157763,7/18/2016,7/23/2016,Standard Class,KH-16330,FUR-CH-10000988,140.81,1,0,39.43,157763
CA-2015-135391,2/9/2015,2/11/2015,Second Class,FA-14230,FUR-FU-10001986,40.78,2,0.6,-30.59,135391
US-2017-158512,1/12/2017,1/17/2017,Second Class,DA-13450,OFF-PA-10001804,40.08,6,0,19.24,158512
CA-2017-128370,9/10/2017,9/10/2017,Same Day,FH-14275,FUR-CH-10002602,362.35,3,0.2,27.18,128370
CA-2017-128370,9/10/2017,9/10/2017,Same Day,FH-14275,OFF-BI-10004140,7.18,2,0.2,2.24,128370
CA-2015-160472,7/20/2015,7/25/2015,Second Class,RK-19300,OFF-ST-10000464,34.76,1,0,9.73,160472
CA-2015-160472,7/20/2015,7/25/2015,Second Class,RK-19300,TEC-AC-10002253,831.2,5,0,124.68,160472
CA-2015-160472,7/20/2015,7/25/2015,Second Class,RK-19300,OFF-PA-10000528,26.4,5,0,11.88,160472
CA-2015-160472,7/20/2015,7/25/2015,Second Class,RK-19300,OFF-EN-10000483,106.75,7,0,49.1,160472
CA-2015-160472,7/20/2015,7/25/2015,Second Class,RK-19300,OFF-ST-10003442,141.4,5,0,38.18,160472
CA-2014-114643,6/13/2014,6/17/2014,Standard Class,FM-14215,OFF-AR-10003631,14.52,3,0,4.79,114643
US-2017-158218,5/12/2017,5/15/2017,Second Class,AC-10420,OFF-ST-10000563,127.92,5,0.2,-15.99,158218
CA-2015-121608,9/3/2015,9/5/2015,First Class,JB-15400,OFF-AP-10002311,137.62,2,0,60.55,121608
CA-2015-121608,9/3/2015,9/5/2015,First Class,JB-15400,TEC-PH-10004959,100.49,1,0,25.12,121608
US-2017-121251,3/26/2017,3/27/2017,First Class,GM-14440,FUR-BO-10001918,257.57,2,0.2,-28.98,121251
CA-2014-151078,11/12/2014,11/12/2014,Same Day,RF-19840,OFF-ST-10001328,49.63,4,0.2,4.96,151078
US-2016-100839,10/13/2016,10/17/2016,Standard Class,NC-18625,FUR-TA-10004575,727.45,5,0.5,-465.57,100839
US-2016-100839,10/13/2016,10/17/2016,Standard Class,NC-18625,FUR-FU-10001617,24.96,3,0.2,4.37,100839
US-2017-116659,11/12/2017,11/12/2017,Same Day,NG-18355,TEC-PH-10002824,370.78,3,0.4,-92.7,116659
CA-2017-118857,4/15/2017,4/18/2017,First Class,AH-10075,FUR-FU-10004460,196.45,5,0,70.72,118857
CA-2015-127110,6/25/2015,7/1/2015,Standard Class,CH-12070,OFF-ST-10002554,78.26,2,0.2,-17.61,127110
CA-2014-116932,7/21/2014,7/25/2014,Standard Class,ME-18010,OFF-AR-10002067,99.2,5,0,25.79,116932
CA-2014-116932,7/21/2014,7/25/2014,Standard Class,ME-18010,FUR-TA-10004175,272.85,1,0.2,27.28,116932
CA-2014-147914,6/4/2014,6/9/2014,Standard Class,MP-17470,OFF-PA-10001685,16.22,2,0.2,5.88,147914
US-2016-112977,3/10/2016,3/16/2016,Standard Class,CJ-12010,FUR-BO-10003272,176.78,1,0.2,-22.1,112977
CA-2017-118885,12/29/2017,1/2/2018,Standard Class,JG-15160,FUR-CH-10002880,393.57,4,0.2,-44.28,118885
US-2017-166611,3/28/2017,4/2/2017,Standard Class,CK-12760,OFF-BI-10001191,68.74,9,0.7,-48.12,166611
CA-2015-109512,3/5/2015,3/5/2015,Same Day,LF-17185,OFF-EN-10002621,29.34,3,0,14.67,109512
CA-2015-109512,3/5/2015,3/5/2015,Same Day,LF-17185,FUR-CH-10001146,383.61,7,0.1,63.93,109512
CA-2015-109512,3/5/2015,3/5/2015,Same Day,LF-17185,OFF-ST-10000689,563.4,4,0,67.61,109512
CA-2016-118570,11/13/2016,11/17/2016,Standard Class,CC-12430,OFF-PA-10001289,217.06,7,0.2,78.68,118570
CA-2017-154718,1/19/2017,1/23/2017,Second Class,DL-12865,OFF-LA-10003714,6,2,0.2,2.1,154718
CA-2014-140165,5/13/2014,5/15/2014,First Class,EH-14005,OFF-FA-10002815,7.1,2,0.2,2.4,140165
CA-2014-142587,10/21/2014,10/22/2014,First Class,TB-21520,OFF-AP-10004708,121.79,4,0.2,13.7,142587
CA-2014-142587,10/21/2014,10/22/2014,First Class,TB-21520,FUR-TA-10000617,409.59,3,0.4,-122.88,142587
CA-2014-157623,3/14/2014,3/18/2014,Standard Class,DK-13225,OFF-AR-10003723,3.38,1,0,1.25,157623
CA-2017-145310,12/22/2017,12/24/2017,Second Class,JP-15520,OFF-EN-10002621,7.82,1,0.2,2.93,145310
CA-2016-100083,11/24/2016,11/29/2016,Standard Class,CD-11980,OFF-PA-10000241,24.78,1,0.2,7.74,100083
US-2017-108063,12/2/2017,12/5/2017,First Class,AS-10090,OFF-AR-10001446,34.65,3,0,10.4,108063
CA-2015-109197,12/31/2015,1/4/2016,Standard Class,JO-15280,OFF-BI-10004632,487.98,2,0.2,152.5,109197
CA-2017-141789,10/3/2017,10/6/2017,First Class,AC-10450,OFF-BI-10001359,1793.98,2,0,843.17,141789
CA-2014-169775,8/29/2014,9/2/2014,Second Class,RA-19945,OFF-EN-10001749,29.81,2,0.2,10.81,169775
CA-2014-169775,8/29/2014,9/2/2014,Second Class,RA-19945,OFF-BI-10004390,505.18,4,0.7,-336.78,169775
CA-2014-169775,8/29/2014,9/2/2014,Second Class,RA-19945,FUR-TA-10001857,174.06,3,0.45,-110.76,169775
CA-2016-140543,6/29/2016,7/3/2016,Second Class,Co-12640,OFF-ST-10000563,191.88,6,0,19.19,140543
CA-2016-151141,8/20/2016,8/23/2016,First Class,DW-13480,TEC-PH-10004924,14.78,2,0,3.99,151141
CA-2017-167094,10/21/2017,10/22/2017,First Class,DK-12835,FUR-CH-10000155,478.48,2,0.2,47.85,167094
CA-2017-154410,10/21/2017,10/24/2017,First Class,MD-17860,OFF-ST-10002743,909.12,8,0,9.09,154410
US-2016-150567,5/17/2016,5/21/2016,Standard Class,RP-19855,OFF-BI-10001757,2.95,2,0.7,-2.16,150567
US-2016-150567,5/17/2016,5/21/2016,Standard Class,RP-19855,OFF-BI-10000069,27.02,6,0.7,-21.61,150567
CA-2015-157959,2/3/2015,2/4/2015,First Class,RW-19540,FUR-FU-10004093,136.92,4,0,41.08,157959
CA-2017-105886,12/18/2017,12/23/2017,Standard Class,DB-13660,FUR-FU-10001037,18.96,2,0,8.53,105886
CA-2017-121503,7/3/2017,7/6/2017,Second Class,FH-14275,OFF-PA-10001878,273.9,7,0.2,92.44,121503
CA-2017-121503,7/3/2017,7/6/2017,Second Class,FH-14275,TEC-MA-10003674,597.13,3,0.4,49.76,121503
CA-2017-124597,4/30/2017,5/5/2017,Standard Class,AS-10630,OFF-AR-10002280,15.53,3,0.2,4.85,124597
CA-2017-124597,4/30/2017,5/5/2017,Standard Class,AS-10630,OFF-LA-10001569,11.95,3,0.2,3.88,124597
CA-2015-105634,11/8/2015,11/14/2015,Standard Class,HA-14905,OFF-AR-10001573,11.65,5,0,3.38,105634
CA-2015-123673,10/30/2015,11/1/2015,Second Class,CH-12070,TEC-PH-10001809,299.9,2,0,74.98,123673
US-2017-111423,8/17/2017,8/19/2017,First Class,EH-13765,OFF-BI-10003091,895.92,5,0.2,302.37,111423
US-2017-111423,8/17/2017,8/19/2017,First Class,EH-13765,FUR-CH-10003981,462.56,2,0.1,97.65,111423
CA-2015-125178,10/3/2015,10/9/2015,Standard Class,MZ-17515,OFF-ST-10002562,15.01,2,0.2,1.5,125178
CA-2016-156685,7/8/2016,7/10/2016,Second Class,SC-20230,TEC-PH-10004345,863.64,9,0.2,107.96,156685
CA-2016-156685,7/8/2016,7/10/2016,Second Class,SC-20230,OFF-AR-10000588,47.62,3,0.2,3.57,156685
CA-2017-126865,12/5/2017,12/7/2017,Second Class,NP-18325,OFF-PA-10003039,92.94,3,0,41.82,126865
CA-2017-102834,3/9/2017,3/13/2017,Standard Class,LW-16990,TEC-AC-10001908,199.98,2,0,69.99,102834
US-2016-139710,6/9/2016,6/15/2016,Standard Class,GM-14680,TEC-PH-10001198,177.48,3,0.2,19.97,139710
CA-2017-121538,11/28/2017,12/1/2017,First Class,RH-19495,OFF-PA-10004071,88.77,2,0.2,31.07,121538
US-2017-101539,3/16/2017,3/18/2017,Second Class,VM-21685,OFF-ST-10004180,46.51,1,0,1.86,101539
US-2017-101539,3/16/2017,3/18/2017,Second Class,VM-21685,TEC-PH-10004165,659.98,3,0.2,49.5,101539
CA-2016-152121,11/27/2016,11/29/2016,Second Class,CC-12670,TEC-PH-10002483,271.99,1,0.2,23.8,152121
CA-2017-161200,8/6/2017,8/10/2017,Second Class,SV-20365,FUR-BO-10000468,145.74,3,0,23.32,161200
CA-2017-161200,8/6/2017,8/10/2017,Second Class,SV-20365,FUR-FU-10001706,15.4,5,0,7.39,161200
CA-2017-101245,11/27/2017,12/3/2017,Standard Class,LW-16990,OFF-PA-10003129,244.55,5,0,114.94,101245
CA-2017-101245,11/27/2017,12/3/2017,Standard Class,LW-16990,TEC-AC-10001284,166.16,8,0,59.82,101245
CA-2015-141768,5/25/2015,5/27/2015,Second Class,NP-18685,FUR-FU-10002268,14.73,3,0,4.86,141768
CA-2016-112109,7/8/2016,7/12/2016,Standard Class,JE-15715,OFF-BI-10002082,19.97,2,0.7,-13.31,112109
CA-2016-112109,7/8/2016,7/12/2016,Standard Class,JE-15715,OFF-BI-10001634,8.74,4,0.7,-6.12,112109
CA-2016-112109,7/8/2016,7/12/2016,Standard Class,JE-15715,FUR-CH-10004287,662.88,3,0.2,74.57,112109
CA-2017-144064,8/29/2017,9/1/2017,First Class,CP-12085,OFF-BI-10002012,3.24,9,0.8,-5.18,144064
CA-2016-108581,6/20/2016,6/26/2016,Standard Class,EA-14035,TEC-AC-10001109,95.97,4,0.2,26.39,108581
CA-2017-157987,9/2/2017,9/6/2017,Standard Class,AC-10615,FUR-TA-10001889,254.53,1,0.4,-93.33,157987
CA-2017-157987,9/2/2017,9/6/2017,Standard Class,AC-10615,OFF-AP-10000358,12.98,1,0,3.76,157987
CA-2017-157987,9/2/2017,9/6/2017,Standard Class,AC-10615,OFF-BI-10004970,26.43,8,0.2,8.92,157987
CA-2017-157987,9/2/2017,9/6/2017,Standard Class,AC-10615,FUR-CH-10003379,1282.41,5,0.1,213.74,157987
CA-2017-157987,9/2/2017,9/6/2017,Standard Class,AC-10615,OFF-AR-10004582,4.92,3,0,2.21,157987
CA-2017-157987,9/2/2017,9/6/2017,Standard Class,AC-10615,TEC-AC-10002842,238,2,0,38.08,157987
CA-2017-110905,9/10/2017,9/15/2017,Second Class,RW-19690,OFF-BI-10003669,16.2,3,0,7.78,110905
CA-2017-110905,9/10/2017,9/15/2017,Second Class,RW-19690,OFF-AP-10004785,33.99,3,0,14.62,110905
CA-2017-110905,9/10/2017,9/15/2017,Second Class,RW-19690,TEC-AC-10003023,296.85,5,0,53.43,110905
CA-2017-110905,9/10/2017,9/15/2017,Second Class,RW-19690,TEC-AC-10002217,112.8,6,0,6.77,110905
CA-2017-110905,9/10/2017,9/15/2017,Second Class,RW-19690,OFF-BI-10002954,13.71,3,0,6.58,110905
CA-2017-110905,9/10/2017,9/15/2017,Second Class,RW-19690,OFF-PA-10002586,24.9,5,0,11.7,110905
CA-2017-110905,9/10/2017,9/15/2017,Second Class,RW-19690,OFF-ST-10000025,286.29,3,0,17.18,110905
CA-2017-110905,9/10/2017,9/15/2017,Second Class,RW-19690,OFF-AP-10003281,24.18,2,0,7.25,110905
CA-2017-165841,12/21/2017,12/28/2017,Standard Class,DB-13210,TEC-PH-10002103,281.97,3,0,78.95,165841
CA-2017-165841,12/21/2017,12/28/2017,Standard Class,DB-13210,OFF-SU-10000898,69.5,5,0,20.16,165841
CA-2017-165841,12/21/2017,12/28/2017,Standard Class,DB-13210,OFF-PA-10001144,166.44,3,0,79.89,165841
CA-2017-140242,5/6/2017,5/11/2017,Standard Class,ML-17755,OFF-AR-10004752,6.41,3,0.2,0.64,140242
CA-2014-148950,12/14/2014,12/19/2014,Standard Class,JD-16015,OFF-BI-10001249,5.1,4,0.8,-8.68,148950
CA-2014-148950,12/14/2014,12/19/2014,Standard Class,JD-16015,OFF-FA-10003059,2.9,2,0.2,0.47,148950
CA-2014-148950,12/14/2014,12/19/2014,Standard Class,JD-16015,TEC-AC-10002718,35.02,3,0.2,-2.19,148950
CA-2014-110408,10/18/2014,10/20/2014,Second Class,AS-10225,OFF-ST-10001522,275.97,3,0,11.04,110408
CA-2014-110408,10/18/2014,10/20/2014,Second Class,AS-10225,TEC-PH-10002352,1394.95,5,0,362.69,110408
CA-2014-110408,10/18/2014,10/20/2014,Second Class,AS-10225,FUR-CH-10003774,545.88,6,0,70.96,110408
CA-2016-112669,4/14/2016,4/14/2016,Same Day,KT-16465,FUR-CH-10004086,933.54,4,0.2,105.02,112669
CA-2016-112669,4/14/2016,4/14/2016,Same Day,KT-16465,OFF-ST-10001228,42.98,4,0.2,4.3,112669
CA-2014-122749,12/3/2014,12/9/2014,Standard Class,NG-18430,TEC-PH-10003811,479.96,4,0,134.39,122749
CA-2014-164721,11/25/2014,11/27/2014,Second Class,LW-16825,OFF-AP-10000240,320.88,6,0,93.06,164721
CA-2014-164721,11/25/2014,11/27/2014,Second Class,LW-16825,FUR-FU-10001940,23.88,3,0,10.51,164721
CA-2014-164721,11/25/2014,11/27/2014,Second Class,LW-16825,OFF-PA-10000575,26.76,4,0,12.31,164721
CA-2016-147417,7/25/2016,7/27/2016,First Class,CB-12415,TEC-CO-10001449,1439.98,4,0.4,192,147417
CA-2015-127509,11/9/2015,11/13/2015,Standard Class,AS-10090,OFF-BI-10002393,17.22,3,0,7.92,127509
CA-2015-127509,11/9/2015,11/13/2015,Standard Class,AS-10090,FUR-TA-10002855,1024.38,7,0,215.12,127509
CA-2015-127509,11/9/2015,11/13/2015,Standard Class,AS-10090,OFF-EN-10000781,26.22,3,0,12.32,127509
CA-2015-127509,11/9/2015,11/13/2015,Standard Class,AS-10090,OFF-PA-10002160,17.34,3,0,8.5,127509
CA-2017-111374,2/24/2017,2/28/2017,Standard Class,CB-12415,OFF-BI-10004970,4.96,4,0.7,-3.8,111374
CA-2017-133648,6/25/2017,7/2/2017,Standard Class,ML-17755,OFF-LA-10003923,71.04,6,0.2,26.64,133648
CA-2017-133648,6/25/2017,7/2/2017,Standard Class,ML-17755,OFF-FA-10004395,11.3,3,0.2,-2.12,133648
US-2017-147221,12/2/2017,12/4/2017,Second Class,JS-16030,OFF-AP-10002534,294.62,5,0.8,-766.01,147221
US-2017-147221,12/2/2017,12/4/2017,Second Class,JS-16030,FUR-FU-10004020,8.75,4,0.6,-3.72,147221
CA-2014-131905,2/6/2014,2/9/2014,First Class,ND-18460,OFF-LA-10002787,15,4,0,7.2,131905
CA-2014-131905,2/6/2014,2/9/2014,First Class,ND-18460,TEC-PH-10003645,161.61,1,0,42.02,131905
CA-2014-131905,2/6/2014,2/9/2014,First Class,ND-18460,TEC-PH-10001615,144.95,5,0,42.04,131905
CA-2017-166128,4/11/2017,4/18/2017,Standard Class,LW-17215,TEC-AC-10001767,199.95,5,0,21.99,166128
CA-2017-163510,12/25/2017,12/28/2017,Second Class,JW-15955,FUR-CH-10001146,304.45,5,0,76.11,163510
CA-2014-111150,12/31/2014,1/4/2015,Standard Class,RW-19630,OFF-AR-10000034,29.68,7,0,11.58,111150
CA-2014-111150,12/31/2014,1/4/2015,Standard Class,RW-19630,TEC-AC-10000290,47.53,7,0,16.16,111150
CA-2017-165386,8/3/2017,8/4/2017,First Class,CM-12190,FUR-BO-10003034,183.37,2,0.3,-36.67,165386
CA-2014-116407,11/15/2014,11/21/2014,Standard Class,JF-15190,OFF-AR-10001315,4.22,3,0.2,0.48,116407
CA-2014-116407,11/15/2014,11/21/2014,Standard Class,JF-15190,OFF-AP-10002118,333.06,2,0.2,29.14,116407
CA-2014-116407,11/15/2014,11/21/2014,Standard Class,JF-15190,OFF-PA-10002137,24.9,4,0.2,7.78,116407
CA-2015-155761,12/11/2015,12/11/2015,Same Day,SC-20800,OFF-ST-10000943,46.34,3,0.2,4.63,155761
CA-2016-145905,9/18/2016,9/23/2016,Standard Class,AM-10705,FUR-CH-10001854,350.98,1,0,84.24,145905
CA-2016-145905,9/18/2016,9/23/2016,Standard Class,AM-10705,OFF-PA-10000533,13.08,2,0,6.02,145905
CA-2016-145905,9/18/2016,9/23/2016,Standard Class,AM-10705,OFF-ST-10003716,900.08,4,0,117.01,145905
CA-2015-113110,3/19/2015,3/23/2015,Standard Class,BK-11260,OFF-SU-10001165,33.36,4,0,8.67,113110
CA-2015-113110,3/19/2015,3/23/2015,Standard Class,BK-11260,OFF-PA-10002749,40.14,6,0,19.67,113110
CA-2016-168354,9/19/2016,9/21/2016,First Class,RH-19510,OFF-ST-10001490,1606.23,9,0,481.87,168354
CA-2016-168354,9/19/2016,9/21/2016,First Class,RH-19510,OFF-BI-10004826,49.53,3,0,23.77,168354
CA-2016-168354,9/19/2016,9/21/2016,First Class,RH-19510,FUR-CH-10004675,872.32,4,0,244.25,168354
US-2017-111241,8/20/2017,8/22/2017,Second Class,GM-14500,OFF-BI-10002867,239.12,5,0.2,77.71,111241
CA-2015-114237,3/13/2015,3/15/2015,First Class,MC-17275,FUR-BO-10004409,141.96,2,0,39.75,114237
CA-2016-113516,9/8/2016,9/10/2016,Second Class,VM-21685,OFF-BI-10002225,33.02,2,0.2,11.56,113516
CA-2016-113516,9/8/2016,9/10/2016,Second Class,VM-21685,OFF-BI-10001989,67.14,4,0.2,23.5,113516
CA-2015-117961,11/26/2015,11/30/2015,Standard Class,GP-14740,OFF-ST-10001172,104.9,5,0,25.18,117961
CA-2015-117961,11/26/2015,11/30/2015,Standard Class,GP-14740,OFF-BI-10003707,61.04,4,0,30.52,117961
CA-2016-128923,12/9/2016,12/13/2016,Standard Class,GB-14530,OFF-PA-10002250,9.39,2,0.2,3.29,128923
CA-2016-128923,12/9/2016,12/13/2016,Standard Class,GB-14530,OFF-AR-10000475,9.33,1,0.2,0.82,128923
CA-2017-162481,9/25/2017,9/29/2017,Standard Class,CT-11995,FUR-CH-10003061,269.97,3,0,51.29,162481
CA-2015-119214,1/23/2015,1/27/2015,Standard Class,CW-11905,OFF-PA-10002893,29.04,3,0,13.94,119214
CA-2015-122287,6/18/2015,6/23/2015,Standard Class,SN-20560,OFF-BI-10004656,4.54,7,0.7,-3.33,122287
CA-2015-122287,6/18/2015,6/23/2015,Standard Class,SN-20560,OFF-BI-10003707,9.16,2,0.7,-6.1,122287
CA-2015-122287,6/18/2015,6/23/2015,Standard Class,SN-20560,FUR-FU-10004973,75.36,5,0.2,20.72,122287
CA-2015-104493,10/2/2015,10/8/2015,Standard Class,EB-13705,OFF-BI-10004817,57.5,6,0.2,20.13,104493
US-2017-158946,11/18/2017,11/23/2017,Standard Class,JW-15220,OFF-AR-10001860,38.86,7,0.2,7.77,158946
CA-2016-131835,7/17/2016,7/21/2016,Standard Class,MC-17590,OFF-AP-10004487,162.64,2,0,45.54,131835
CA-2016-131835,7/17/2016,7/21/2016,Standard Class,MC-17590,TEC-PH-10001760,597,3,0,280.59,131835
CA-2015-142237,7/11/2015,7/13/2015,First Class,CK-12595,FUR-FU-10004848,289.8,7,0.2,36.22,142237
CA-2015-142237,7/11/2015,7/13/2015,First Class,CK-12595,FUR-CH-10003833,341.49,8,0.3,-73.18,142237
CA-2015-142237,7/11/2015,7/13/2015,First Class,CK-12595,OFF-AR-10003732,11.12,5,0.2,0.83,142237
CA-2016-136434,12/1/2016,12/7/2016,Standard Class,RD-19480,FUR-FU-10001196,17.31,3,0,5.19,136434
CA-2017-120376,12/22/2017,12/25/2017,First Class,TP-21130,FUR-CH-10002335,1586.69,7,0,412.54,120376
CA-2017-120376,12/22/2017,12/25/2017,First Class,TP-21130,TEC-AC-10000844,84.99,1,0,30.6,120376
CA-2017-120376,12/22/2017,12/25/2017,First Class,TP-21130,FUR-TA-10004534,411.8,2,0,70.01,120376
CA-2014-106439,10/31/2014,11/4/2014,Standard Class,GG-14650,OFF-ST-10003996,80.3,5,0,20.88,106439
CA-2014-106439,10/31/2014,11/4/2014,Standard Class,GG-14650,OFF-BI-10002571,15.97,2,0.2,5.39,106439
CA-2014-106439,10/31/2014,11/4/2014,Standard Class,GG-14650,OFF-PA-10000477,64.74,13,0,30.43,106439
CA-2014-106439,10/31/2014,11/4/2014,Standard Class,GG-14650,OFF-BI-10004209,19.3,3,0.2,6.03,106439
CA-2014-106439,10/31/2014,11/4/2014,Standard Class,GG-14650,OFF-ST-10001963,405.64,4,0,12.17,106439
CA-2014-106439,10/31/2014,11/4/2014,Standard Class,GG-14650,FUR-CH-10003833,146.35,3,0.2,-9.15,106439
CA-2014-106439,10/31/2014,11/4/2014,Standard Class,GG-14650,TEC-AC-10004568,251.91,9,0,47.86,106439
CA-2015-133452,4/13/2015,4/19/2015,Standard Class,ZC-21910,TEC-AC-10002800,199.96,4,0,69.99,133452
CA-2015-133452,4/13/2015,4/19/2015,Standard Class,ZC-21910,FUR-TA-10003954,710.83,3,0.2,-97.74,133452
CA-2016-146521,7/21/2016,7/23/2016,Second Class,CC-12610,OFF-BI-10000301,1.94,1,0.7,-1.29,146521
CA-2016-129693,11/26/2016,12/2/2016,Standard Class,TC-20980,OFF-BI-10002954,7.31,2,0.2,2.56,129693
CA-2017-122504,11/7/2017,11/12/2017,Second Class,DB-13270,TEC-PH-10002468,761.54,7,0.2,66.64,122504
CA-2014-131051,12/1/2014,12/5/2014,Standard Class,TR-21325,FUR-FU-10001861,58.2,3,0,28.52,131051
CA-2017-140676,9/12/2017,9/15/2017,First Class,BF-11080,OFF-PA-10004082,39.9,5,0,19.95,140676
CA-2017-140676,9/12/2017,9/15/2017,First Class,BF-11080,OFF-AP-10000358,90.86,7,0,26.35,140676
CA-2015-120103,12/24/2015,12/29/2015,Standard Class,MS-17365,OFF-PA-10001295,106.23,7,0.2,37.18,120103
CA-2015-120103,12/24/2015,12/29/2015,Standard Class,MS-17365,TEC-PH-10002170,111.98,2,0.2,11.2,120103
CA-2016-140501,6/23/2016,6/28/2016,Standard Class,IM-15070,OFF-LA-10000248,18.45,5,0,8.67,140501
CA-2016-140501,6/23/2016,6/28/2016,Standard Class,IM-15070,OFF-ST-10000060,324.9,5,0,38.99,140501
CA-2015-139290,10/26/2015,10/30/2015,Standard Class,MY-17380,OFF-LA-10004008,5.76,2,0,2.65,139290
CA-2017-166142,7/15/2017,7/19/2017,Standard Class,MM-17260,OFF-BI-10004094,26.55,3,0,13.01,166142
CA-2017-166142,7/15/2017,7/19/2017,Standard Class,MM-17260,FUR-TA-10004607,310.44,3,0.3,-48.78,166142
CA-2014-145926,11/17/2014,11/21/2014,Standard Class,MP-17470,FUR-CH-10004289,479.9,5,0,81.58,145926
CA-2015-149678,4/13/2015,4/15/2015,Second Class,AW-10840,OFF-SU-10004498,12.88,1,0,0.39,149678
US-2016-146570,5/15/2016,5/20/2016,Standard Class,SN-20710,OFF-BI-10001718,511.84,8,0,240.56,146570
CA-2017-124401,9/7/2017,9/12/2017,Standard Class,RD-19900,TEC-AC-10002926,279.94,7,0.2,80.48,124401
US-2014-140116,3/10/2014,3/17/2014,Standard Class,KT-16480,OFF-ST-10000078,636.41,3,0.2,-15.91,140116
US-2014-140116,3/10/2014,3/17/2014,Standard Class,KT-16480,OFF-AR-10001044,83.17,4,0.2,9.36,140116
CA-2014-123295,7/18/2014,7/18/2014,Same Day,AH-10120,FUR-CH-10002372,259.14,4,0.2,-25.91,123295
CA-2017-167101,3/24/2017,3/28/2017,Second Class,BM-11650,OFF-PA-10000357,221.92,4,0,106.52,167101
CA-2017-167101,3/24/2017,3/28/2017,Second Class,BM-11650,TEC-AC-10001266,26,2,0,11.7,167101
US-2014-152723,9/26/2014,9/26/2014,Same Day,HG-14965,OFF-BI-10003460,0.88,1,0.8,-1.4,152723
CA-2015-164882,10/31/2015,10/31/2015,Same Day,SG-20080,OFF-FA-10000585,17.45,5,0,8.03,164882
CA-2015-164882,10/31/2015,10/31/2015,Same Day,SG-20080,TEC-PH-10001578,1295.84,4,0.2,145.78,164882
CA-2015-164882,10/31/2015,10/31/2015,Same Day,SG-20080,OFF-ST-10003638,46.84,2,0,12.65,164882
CA-2015-164882,10/31/2015,10/31/2015,Same Day,SG-20080,FUR-BO-10002213,425.83,1,0.15,20.04,164882
CA-2015-159786,10/12/2015,10/17/2015,Second Class,RK-19300,FUR-TA-10001307,209.67,1,0.4,-13.98,159786
CA-2016-130267,9/19/2016,9/23/2016,Standard Class,SW-20245,OFF-PA-10002222,159.88,7,0,73.54,130267
US-2017-168690,1/7/2017,1/13/2017,Standard Class,TS-21085,OFF-BI-10000145,2.81,3,0.7,-1.97,168690
CA-2017-158246,11/9/2017,11/11/2017,First Class,JB-15400,FUR-CH-10003061,215.98,3,0.2,-2.7,158246
CA-2017-167381,9/22/2017,9/24/2017,Second Class,EH-14005,FUR-BO-10001972,241.96,2,0,41.13,167381
CA-2017-167381,9/22/2017,9/24/2017,Second Class,EH-14005,OFF-LA-10000134,27.72,9,0,13.31,167381
CA-2017-144862,12/1/2017,12/5/2017,Standard Class,EH-14005,OFF-EN-10003040,104.68,5,0.2,35.33,144862
CA-2014-126032,6/23/2014,6/28/2014,Standard Class,BS-11665,TEC-AC-10000158,86.38,3,0.2,1.08,126032
CA-2015-134859,10/4/2015,10/9/2015,Standard Class,JK-16120,FUR-FU-10003623,64.94,3,0.2,6.49,134859
US-2014-114188,5/20/2014,5/22/2014,Second Class,RF-19345,OFF-AP-10000124,33.28,4,0,9.32,114188
US-2014-114188,5/20/2014,5/22/2014,Second Class,RF-19345,OFF-AR-10004511,38.52,9,0,11.94,114188
CA-2015-156524,11/20/2015,11/26/2015,Standard Class,DL-12865,OFF-PA-10003883,19.65,3,0,9.04,156524
CA-2015-122210,11/30/2015,12/4/2015,Standard Class,WB-21850,OFF-BI-10003656,152.99,3,0.7,-122.39,122210
CA-2015-122210,11/30/2015,12/4/2015,Standard Class,WB-21850,OFF-FA-10000053,10.58,7,0.2,-2.38,122210
CA-2015-122210,11/30/2015,12/4/2015,Standard Class,WB-21850,TEC-PH-10002807,94.92,4,0.4,15.82,122210
CA-2015-156377,12/31/2015,1/5/2016,Standard Class,TB-21625,FUR-FU-10002364,14.76,5,0.6,-11.44,156377
CA-2015-156377,12/31/2015,1/5/2016,Standard Class,TB-21625,OFF-BI-10002954,3.66,4,0.8,-5.85,156377
CA-2014-159520,6/6/2014,6/11/2014,Standard Class,GT-14635,OFF-BI-10003982,149.54,9,0.2,50.47,159520
CA-2014-159520,6/6/2014,6/11/2014,Standard Class,GT-14635,OFF-SU-10001664,17.14,2,0,4.46,159520
CA-2014-159520,6/6/2014,6/11/2014,Standard Class,GT-14635,FUR-TA-10003238,991.76,3,0.4,-347.12,159520
CA-2016-155481,9/1/2016,9/5/2016,Standard Class,DK-13225,TEC-PH-10002293,23.99,2,0.4,-4.8,155481
CA-2016-155481,9/1/2016,9/5/2016,Standard Class,DK-13225,OFF-FA-10002780,16.69,7,0.2,5.42,155481
US-2016-152051,6/25/2016,6/29/2016,Standard Class,TS-21160,FUR-CH-10002965,422.06,3,0.3,-18.09,152051
US-2016-152051,6/25/2016,6/29/2016,Standard Class,TS-21160,OFF-BI-10004781,38.09,4,0.7,-27.93,152051
US-2016-152051,6/25/2016,6/29/2016,Standard Class,TS-21160,OFF-ST-10001713,254.35,6,0.2,-50.87,152051
CA-2014-141607,12/12/2014,12/17/2014,Standard Class,WB-21850,FUR-FU-10003975,43.31,1,0,4.33,141607
CA-2017-102771,3/31/2017,4/5/2017,Standard Class,DO-13435,TEC-PH-10001536,84.95,5,0,22.09,102771
US-2017-139969,11/19/2017,11/26/2017,Standard Class,AF-10870,FUR-CH-10001973,233.06,3,0.3,-53.27,139969
CA-2014-167360,11/24/2014,11/29/2014,Second Class,RB-19435,TEC-AC-10001772,111.79,7,0,43.6,167360
CA-2015-123505,11/22/2015,11/26/2015,Standard Class,AR-10540,OFF-PA-10002586,14.94,3,0,7.02,123505
CA-2016-117282,7/14/2016,7/18/2016,Standard Class,DR-12880,OFF-BI-10004094,14.16,2,0.2,5.13,117282
US-2016-120460,4/30/2016,5/5/2016,Standard Class,BF-11170,FUR-FU-10004973,22.61,3,0.6,-10.17,120460
CA-2016-159737,9/3/2016,9/9/2016,Standard Class,CS-11950,OFF-BI-10004236,8.81,3,0.8,-14.97,159737
CA-2016-141019,5/14/2016,5/14/2016,Same Day,LH-17155,FUR-FU-10002937,79.38,1,0.2,29.77,141019
CA-2017-166296,3/13/2017,3/19/2017,Standard Class,KF-16285,OFF-PA-10004359,314.55,3,0,150.98,166296
CA-2016-154018,10/13/2016,10/19/2016,Standard Class,HA-14920,TEC-AC-10002402,191.98,3,0.2,24,154018
CA-2016-154018,10/13/2016,10/19/2016,Standard Class,HA-14920,OFF-PA-10000551,8.29,2,0.2,3,154018
CA-2016-154018,10/13/2016,10/19/2016,Standard Class,HA-14920,FUR-FU-10003394,139.92,5,0.6,-150.41,154018
CA-2016-154018,10/13/2016,10/19/2016,Standard Class,HA-14920,OFF-AR-10002067,15.87,1,0.2,1.19,154018
CA-2016-154018,10/13/2016,10/19/2016,Standard Class,HA-14920,OFF-BI-10004140,6.29,7,0.8,-11,154018
US-2017-137491,11/19/2017,11/25/2017,Standard Class,LC-16930,FUR-CH-10004675,305.31,2,0.3,-8.72,137491
CA-2014-152296,8/1/2014,8/3/2014,First Class,IL-15100,OFF-BI-10004506,19.75,3,0.2,6.91,152296
CA-2016-112025,7/30/2016,8/4/2016,Standard Class,LS-16975,OFF-BI-10002353,9.26,3,0.8,-13.9,112025
CA-2015-132507,7/30/2015,8/3/2015,Second Class,CC-12610,OFF-ST-10000943,61.79,4,0.2,6.18,132507
CA-2016-125738,10/15/2016,10/21/2016,Standard Class,PB-18805,OFF-PA-10000740,45.68,2,0,21.01,125738
CA-2016-125738,10/15/2016,10/21/2016,Standard Class,PB-18805,OFF-PA-10003001,60.12,9,0,28.86,125738
CA-2016-125738,10/15/2016,10/21/2016,Standard Class,PB-18805,OFF-BI-10001628,41.72,5,0.2,13.04,125738
CA-2016-125738,10/15/2016,10/21/2016,Standard Class,PB-18805,OFF-PA-10001509,71.6,8,0,32.94,125738
CA-2016-128818,5/7/2016,5/11/2016,Standard Class,CJ-12010,OFF-BI-10000309,85.23,7,0.2,30.9,128818
CA-2016-128818,5/7/2016,5/11/2016,Standard Class,CJ-12010,OFF-LA-10003923,44.4,3,0,22.2,128818
CA-2016-128818,5/7/2016,5/11/2016,Standard Class,CJ-12010,FUR-CH-10002084,442.76,4,0.1,59.04,128818
CA-2016-128818,5/7/2016,5/11/2016,Standard Class,CJ-12010,TEC-MA-10000488,3999.95,5,0,1159.99,128818
CA-2016-128818,5/7/2016,5/11/2016,Standard Class,CJ-12010,FUR-FU-10001940,63.68,8,0,28.02,128818
CA-2017-124576,8/1/2017,8/4/2017,Second Class,HK-14890,OFF-BI-10002735,54.9,2,0.2,18.53,124576
CA-2017-143063,8/10/2017,8/15/2017,Standard Class,IL-15100,OFF-EN-10003134,70.08,6,0,35.04,143063
CA-2017-143063,8/10/2017,8/15/2017,Standard Class,IL-15100,FUR-FU-10003708,121.3,2,0,25.47,143063
CA-2017-143063,8/10/2017,8/15/2017,Standard Class,IL-15100,TEC-PH-10003645,1454.49,9,0,378.17,143063
CA-2016-118913,6/25/2016,6/29/2016,Standard Class,AS-10240,OFF-AP-10000692,60.81,3,0,17.03,118913
CA-2016-128412,12/10/2016,12/17/2016,Standard Class,AP-10915,OFF-BI-10001718,153.55,3,0.2,51.82,128412
CA-2016-128412,12/10/2016,12/17/2016,Standard Class,AP-10915,OFF-AP-10002082,65.34,3,0,22.87,128412
CA-2016-128412,12/10/2016,12/17/2016,Standard Class,AP-10915,OFF-PA-10001125,123.92,4,0,55.76,128412
CA-2016-128412,12/10/2016,12/17/2016,Standard Class,AP-10915,OFF-AP-10000252,35.1,3,0,12.28,128412
CA-2016-136483,12/1/2016,12/6/2016,Standard Class,AG-10390,OFF-AR-10000940,4.7,2,0.2,0.41,136483
CA-2014-163013,11/28/2014,12/4/2014,Standard Class,BF-11080,OFF-AR-10001954,14.67,3,0,3.96,163013
CA-2015-135363,3/28/2015,4/2/2015,Standard Class,CK-12205,OFF-PA-10000533,5.23,1,0.2,1.7,135363
US-2014-165659,6/1/2014,6/6/2014,Standard Class,LT-17110,TEC-PH-10002563,881.93,7,0,229.3,165659
CA-2015-138002,9/6/2015,9/12/2015,Standard Class,BT-11305,FUR-FU-10004748,191.82,3,0,74.81,138002
CA-2015-128860,6/29/2015,7/5/2015,Standard Class,SC-20725,FUR-FU-10001473,20.1,1,0.2,1.76,128860
CA-2016-164350,9/10/2016,9/12/2016,Second Class,CG-12040,OFF-AR-10000538,67.56,3,0.2,8.44,164350
US-2014-103905,7/14/2014,7/20/2014,Standard Class,AW-10930,OFF-BI-10001098,29.93,7,0.8,-46.39,103905
US-2014-103905,7/14/2014,7/20/2014,Standard Class,AW-10930,TEC-PH-10001552,38.27,4,0.2,3.83,103905
CA-2014-125556,11/14/2014,11/16/2014,Second Class,ML-17410,TEC-PH-10001079,832.93,7,0,233.22,125556
CA-2014-125556,11/14/2014,11/16/2014,Second Class,ML-17410,OFF-BI-10003460,43.8,10,0,21.02,125556
CA-2016-162313,11/27/2016,11/30/2016,First Class,VB-21745,OFF-AP-10003842,167.29,6,0.1,29.74,162313
CA-2017-107874,11/21/2017,11/25/2017,Standard Class,SW-20275,FUR-FU-10003535,27.42,1,0,11.24,107874
CA-2017-129378,10/1/2017,10/2/2017,First Class,NS-18505,OFF-BI-10002012,1.44,1,0.2,0.5,129378
CA-2017-129378,10/1/2017,10/2/2017,First Class,NS-18505,OFF-BI-10001922,61.78,13,0.2,20.85,129378
CA-2017-129378,10/1/2017,10/2/2017,First Class,NS-18505,FUR-CH-10000553,108.61,4,0.2,9.5,129378
CA-2014-151953,9/20/2014,9/25/2014,Standard Class,DB-13555,OFF-AR-10003469,2.82,2,0.2,0.99,151953
CA-2017-130841,7/28/2017,8/1/2017,Standard Class,MH-17620,OFF-BI-10000145,9.98,4,0.2,3.62,130841
CA-2017-130841,7/28/2017,8/1/2017,Standard Class,MH-17620,OFF-ST-10001580,14.98,1,0,4.19,130841
CA-2017-130841,7/28/2017,8/1/2017,Standard Class,MH-17620,TEC-PH-10001817,1145.6,4,0.2,100.24,130841
CA-2015-131884,12/6/2015,12/6/2015,Same Day,DK-13375,TEC-PH-10001578,485.94,2,0.4,-89.09,131884
CA-2015-131884,12/6/2015,12/6/2015,Same Day,DK-13375,OFF-AR-10004078,37.38,8,0.2,4.67,131884
CA-2015-131884,12/6/2015,12/6/2015,Same Day,DK-13375,FUR-CH-10004860,70.69,1,0.3,-24.24,131884
CA-2016-106383,3/19/2016,3/21/2016,Second Class,BT-11440,FUR-BO-10002202,72.29,1,0.7,-98.8,106383
CA-2017-130771,7/29/2017,8/3/2017,Standard Class,LA-16780,TEC-PH-10002496,124.79,1,0.2,15.6,130771
CA-2016-139157,10/1/2016,10/5/2016,Standard Class,GM-14680,FUR-TA-10003238,330.59,1,0.4,-115.71,139157
CA-2014-128055,3/31/2014,4/5/2014,Standard Class,AA-10315,OFF-BI-10004390,673.57,2,0.2,252.59,128055
CA-2014-128055,3/31/2014,4/5/2014,Standard Class,AA-10315,OFF-AP-10002765,52.98,2,0,14.83,128055
CA-2017-157091,6/26/2017,7/1/2017,Standard Class,DB-13405,FUR-FU-10000293,526.45,5,0,31.59,157091
CA-2017-132122,7/9/2017,7/14/2017,Standard Class,JH-15820,OFF-ST-10003692,228.92,5,0.2,14.31,132122
CA-2015-123232,12/14/2015,12/16/2015,Second Class,DJ-13630,TEC-PH-10001051,319.97,4,0.2,36,123232
CA-2017-104066,12/5/2017,12/10/2017,Standard Class,QJ-19255,TEC-AC-10001013,205.03,7,0,67.66,104066
CA-2015-145849,9/15/2015,9/17/2015,Second Class,CT-11995,OFF-ST-10000025,190.86,2,0,11.45,145849
CA-2015-145849,9/15/2015,9/17/2015,Second Class,CT-11995,OFF-AR-10000817,24.32,8,0,8.27,145849
CA-2016-146633,11/15/2016,11/17/2016,Second Class,TG-21310,OFF-BI-10003527,1016.79,1,0.2,381.3,146633
CA-2016-146633,11/15/2016,11/17/2016,Second Class,TG-21310,OFF-BI-10002982,38.14,7,0.2,13.35,146633
US-2016-126893,11/26/2016,12/1/2016,Standard Class,CT-11995,TEC-PH-10004165,494.98,3,0.4,-115.5,126893
CA-2017-103380,11/21/2017,11/25/2017,Standard Class,BF-11005,OFF-FA-10004248,9.02,2,0,3.52,103380
CA-2017-103380,11/21/2017,11/25/2017,Standard Class,BF-11005,OFF-AP-10001492,8.62,1,0,2.24,103380
CA-2015-116092,2/15/2015,2/18/2015,Second Class,JM-16195,OFF-AP-10001391,541.44,6,0,157.02,116092
CA-2015-169201,9/28/2015,10/1/2015,First Class,HG-14965,OFF-AP-10000696,43.26,3,0,14.28,169201
CA-2015-169201,9/28/2015,10/1/2015,First Class,HG-14965,OFF-AP-10002082,43.56,2,0,15.25,169201
CA-2016-164091,9/17/2016,9/22/2016,Standard Class,LA-16780,TEC-PH-10001944,437.85,3,0,131.36,164091
CA-2017-105214,6/16/2017,6/19/2017,First Class,TS-21610,FUR-CH-10000015,1212.96,7,0.2,90.97,105214
CA-2017-105214,6/16/2017,6/19/2017,First Class,TS-21610,OFF-PA-10001776,18.54,2,0,8.71,105214
CA-2015-117611,11/8/2015,11/10/2015,Second Class,MZ-17335,OFF-FA-10002280,5,1,0,2.4,117611
CA-2017-122994,2/6/2017,2/9/2017,First Class,MV-17485,FUR-BO-10004015,359.97,3,0,79.19,122994
CA-2016-131065,11/14/2016,11/16/2016,Second Class,AA-10375,TEC-AC-10004145,499.98,2,0,115,131065
CA-2017-105480,12/20/2017,12/26/2017,Standard Class,DK-13225,OFF-BI-10003291,6.98,1,0.2,2.36,105480
CA-2017-164917,12/2/2017,12/7/2017,Standard Class,MK-17905,OFF-AR-10004344,47.96,5,0.2,4.2,164917
CA-2015-102036,9/21/2015,9/27/2015,Standard Class,CS-12130,OFF-ST-10003123,199.74,6,0,47.94,102036
CA-2015-142944,3/6/2015,3/11/2015,Standard Class,JL-15850,FUR-FU-10000308,435.26,7,0,95.76,142944
CA-2015-142944,3/6/2015,3/11/2015,Standard Class,JL-15850,TEC-CO-10003763,1119.98,2,0.2,377.99,142944
CA-2014-157882,10/3/2014,10/8/2014,Second Class,AR-10405,FUR-TA-10001866,143.43,1,0.2,3.59,157882
CA-2014-157882,10/3/2014,10/8/2014,Second Class,AR-10405,FUR-CH-10002774,122.35,3,0.2,13.76,157882
CA-2014-104283,6/27/2014,7/1/2014,Standard Class,LM-17065,OFF-ST-10004337,306.2,5,0,0,104283
CA-2014-104283,6/27/2014,7/1/2014,Standard Class,LM-17065,FUR-TA-10001039,85.98,1,0,22.35,104283
CA-2014-104283,6/27/2014,7/1/2014,Standard Class,LM-17065,TEC-AC-10000109,223.96,4,0,53.75,104283
CA-2017-142622,10/30/2017,11/2/2017,First Class,JK-15625,FUR-CH-10003833,97.57,2,0.2,-6.1,142622
CA-2017-142622,10/30/2017,11/2/2017,First Class,JK-15625,FUR-CH-10004289,614.27,8,0.2,-23.04,142622
CA-2016-132143,9/3/2016,9/5/2016,First Class,FM-14215,OFF-PA-10002713,48.16,7,0,22.15,132143
CA-2015-153108,3/5/2015,3/9/2015,Standard Class,SF-20200,OFF-AP-10002222,60.69,7,0,16.39,153108
CA-2017-165687,11/17/2017,11/23/2017,Standard Class,CS-12355,OFF-AP-10004036,35.04,2,0,12.26,165687
US-2017-112928,6/1/2017,6/5/2017,Second Class,BB-10990,OFF-AP-10002287,17.48,5,0.2,1.31,112928
CA-2017-115154,1/8/2017,1/11/2017,First Class,RS-19420,FUR-TA-10001950,892.98,2,0,80.37,115154
CA-2015-149342,4/20/2015,4/25/2015,Standard Class,TS-21160,FUR-FU-10002937,595.38,6,0,297.69,149342
CA-2015-130995,11/1/2015,11/6/2015,Standard Class,QJ-19255,TEC-PH-10000347,4.95,1,0,1.34,130995
CA-2017-127929,12/23/2017,12/27/2017,Standard Class,FM-14215,FUR-FU-10003708,181.95,3,0,38.21,127929
CA-2015-113145,11/1/2015,11/5/2015,Standard Class,VD-21670,OFF-PA-10002659,13.52,4,0,6.22,113145
CA-2015-113145,11/1/2015,11/5/2015,Standard Class,VD-21670,FUR-FU-10000965,259.7,5,0,106.48,113145
CA-2015-113145,11/1/2015,11/5/2015,Standard Class,VD-21670,TEC-PH-10001527,42.95,1,0,1.29,113145
CA-2014-162362,11/14/2014,11/18/2014,Standard Class,JL-15505,OFF-BI-10000756,12.72,3,0,6.36,162362
CA-2017-157931,9/17/2017,9/22/2017,Second Class,MO-17800,FUR-CH-10000785,723.92,4,0,188.22,157931
CA-2017-157931,9/17/2017,9/22/2017,Second Class,MO-17800,OFF-PA-10000474,106.32,3,0,49.97,157931
CA-2015-160794,8/6/2015,8/8/2015,First Class,MS-17980,OFF-PA-10004156,27.22,3,0.2,9.87,160794
CA-2017-116225,11/5/2017,11/9/2017,Standard Class,SV-20935,TEC-AC-10001432,390.75,5,0,171.93,116225
US-2017-120418,6/11/2017,6/12/2017,First Class,BC-11125,FUR-CH-10001394,280.79,1,0.2,35.1,120418
US-2017-120418,6/11/2017,6/12/2017,First Class,BC-11125,OFF-ST-10002370,68.45,4,0.2,7.7,120418
US-2017-120418,6/11/2017,6/12/2017,First Class,BC-11125,OFF-AR-10002956,88.04,5,0.2,6.6,120418
US-2017-120418,6/11/2017,6/12/2017,First Class,BC-11125,OFF-ST-10001809,215.59,3,0.2,-48.51,120418
CA-2017-122035,7/20/2017,7/25/2017,Standard Class,EM-13825,OFF-AP-10002118,416.32,2,0,112.41,122035
CA-2017-122035,7/20/2017,7/25/2017,Standard Class,EM-13825,OFF-BI-10000404,43,5,0,20.21,122035
CA-2017-122035,7/20/2017,7/25/2017,Standard Class,EM-13825,OFF-BI-10002072,60.83,7,0,30.42,122035
CA-2017-122035,7/20/2017,7/25/2017,Standard Class,EM-13825,TEC-AC-10003095,389.97,3,0,132.59,122035
CA-2015-117828,12/23/2015,12/26/2015,First Class,BD-11500,OFF-AP-10001563,194.32,4,0,56.35,117828
CA-2017-165491,3/20/2017,3/24/2017,Standard Class,HW-14935,TEC-AC-10000358,265.93,7,0,63.82,165491
CA-2015-109470,12/31/2015,1/3/2016,Second Class,KC-16255,OFF-BI-10004492,94.74,3,0,44.53,109470
CA-2015-109470,12/31/2015,1/3/2016,Second Class,KC-16255,OFF-BI-10001072,60.64,4,0,27.89,109470
CA-2015-109470,12/31/2015,1/3/2016,Second Class,KC-16255,OFF-BI-10003707,76.3,5,0,38.15,109470
CA-2015-109470,12/31/2015,1/3/2016,Second Class,KC-16255,OFF-BI-10000977,364.8,12,0,167.81,109470
CA-2015-105102,9/15/2015,9/19/2015,Second Class,BM-11575,OFF-BI-10002082,79.87,3,0.2,29.95,105102
CA-2015-105102,9/15/2015,9/19/2015,Second Class,BM-11575,FUR-BO-10004709,46.38,1,0.2,1.16,105102
US-2015-147739,12/25/2015,12/29/2015,Standard Class,JD-16150,FUR-FU-10001468,547.14,4,0.2,-68.39,147739
CA-2016-155187,9/24/2016,9/26/2016,Second Class,LA-16780,OFF-PA-10000380,41.7,5,0,20.85,155187
CA-2017-169285,3/21/2017,3/25/2017,Standard Class,RW-19690,OFF-PA-10004071,277.4,5,0,133.15,169285
CA-2014-140886,9/30/2014,10/4/2014,Standard Class,KW-16570,OFF-AP-10000696,69.22,6,0.2,11.25,140886
CA-2017-152695,12/10/2017,12/10/2017,Same Day,CC-12220,OFF-AP-10000026,426.79,7,0,123.77,152695
CA-2014-110639,8/23/2014,8/23/2014,Same Day,RH-19495,OFF-PA-10004530,45.92,4,0,22.5,110639
CA-2014-121727,8/19/2014,8/24/2014,Standard Class,JK-15625,OFF-AR-10004930,10.72,2,0.2,1.74,121727
US-2014-143231,12/31/2014,1/3/2015,First Class,GM-14455,FUR-FU-10002501,63.2,5,0,23.38,143231
US-2014-143231,12/31/2014,1/3/2015,First Class,GM-14455,TEC-AC-10000358,113.97,3,0,27.35,143231
US-2014-155894,7/26/2014,7/30/2014,Second Class,CL-11890,OFF-ST-10004804,123.55,3,0.2,-29.34,155894
CA-2016-119025,2/22/2016,2/28/2016,Standard Class,PV-18985,OFF-AP-10001205,490.32,9,0,137.29,119025
CA-2016-159373,3/13/2016,3/18/2016,Standard Class,LT-17110,OFF-BI-10004141,1.27,2,0.8,-2.16,159373
CA-2016-159373,3/13/2016,3/18/2016,Standard Class,LT-17110,FUR-TA-10004619,557.58,5,0.3,0,159373
CA-2017-109701,12/2/2017,12/3/2017,Same Day,AM-10360,OFF-BI-10004187,9.02,6,0.2,3.16,109701
CA-2017-109701,12/2/2017,12/3/2017,Same Day,AM-10360,OFF-BI-10000632,69.46,2,0.2,22.57,109701
CA-2017-109701,12/2/2017,12/3/2017,Same Day,AM-10360,OFF-AP-10002765,79.47,3,0,22.25,109701
CA-2017-109701,12/2/2017,12/3/2017,Same Day,AM-10360,OFF-AR-10001868,10.08,6,0,5.04,109701
CA-2015-111514,8/31/2015,9/2/2015,First Class,SC-20260,FUR-BO-10002545,1552.83,7,0.15,200.95,111514
CA-2015-111514,8/31/2015,9/2/2015,First Class,SC-20260,OFF-BI-10002735,137.24,5,0.2,46.32,111514
CA-2015-111514,8/31/2015,9/2/2015,First Class,SC-20260,TEC-AC-10004864,36.51,1,0,15.7,111514
CA-2015-111514,8/31/2015,9/2/2015,First Class,SC-20260,TEC-MA-10000597,239.98,3,0.2,80.99,111514
US-2014-148838,3/17/2014,3/21/2014,Standard Class,CP-12340,FUR-TA-10003473,1579.75,7,0.4,-447.59,148838
US-2014-148838,3/17/2014,3/21/2014,Standard Class,CP-12340,FUR-TA-10001950,1071.58,4,0.4,-553.65,148838
US-2014-148838,3/17/2014,3/21/2014,Standard Class,CP-12340,FUR-TA-10004175,613.91,3,0.4,-122.78,148838
US-2014-148838,3/17/2014,3/21/2014,Standard Class,CP-12340,OFF-PA-10002960,34.86,7,0,16.38,148838
US-2014-148838,3/17/2014,3/21/2014,Standard Class,CP-12340,OFF-PA-10000919,155.04,4,0,75.97,148838
US-2016-108637,3/13/2016,3/18/2016,Standard Class,AB-10060,FUR-FU-10004864,127.88,2,0,40.92,108637
US-2016-108637,3/13/2016,3/18/2016,Standard Class,AB-10060,OFF-AP-10004540,160.32,2,0,44.89,108637
US-2016-108637,3/13/2016,3/18/2016,Standard Class,AB-10060,OFF-BI-10004965,46,4,0,20.7,108637
CA-2014-102295,11/24/2014,11/26/2014,Second Class,EH-13990,FUR-CH-10001714,120.71,1,0.2,-18.11,102295
US-2016-129469,9/23/2016,9/27/2016,Standard Class,KL-16555,FUR-FU-10002298,532.7,6,0.2,-26.64,129469
US-2016-129469,9/23/2016,9/27/2016,Standard Class,KL-16555,OFF-AR-10000315,4.91,2,0.2,0.31,129469
CA-2016-159940,7/7/2016,7/11/2016,Second Class,BF-11020,FUR-FU-10004973,60.29,8,0.6,-27.13,159940
CA-2016-159940,7/7/2016,7/11/2016,Second Class,BF-11020,OFF-FA-10000936,2.63,1,0.2,0.82,159940
CA-2016-159940,7/7/2016,7/11/2016,Second Class,BF-11020,OFF-PA-10001609,23.69,9,0.2,7.7,159940
CA-2016-159940,7/7/2016,7/11/2016,Second Class,BF-11020,FUR-CH-10000785,253.37,2,0.3,-14.48,159940
CA-2017-119669,1/24/2017,1/30/2017,Standard Class,TP-21130,OFF-FA-10000053,5.67,3,0,0.11,119669
US-2014-164616,8/19/2014,8/21/2014,Second Class,MS-17770,OFF-BI-10001718,76.78,4,0.7,-58.86,164616
US-2014-164616,8/19/2014,8/21/2014,Second Class,MS-17770,OFF-SU-10004768,9.18,2,0.2,1.15,164616
CA-2015-148628,12/6/2015,12/11/2015,Standard Class,KM-16375,OFF-PA-10003883,32.75,5,0,15.06,148628
CA-2016-118052,5/6/2016,5/10/2016,Standard Class,BE-11455,OFF-FA-10004248,7.22,2,0.2,1.71,118052
CA-2016-118052,5/6/2016,5/10/2016,Standard Class,BE-11455,OFF-PA-10002581,49.57,2,0.2,15.49,118052
CA-2016-118052,5/6/2016,5/10/2016,Standard Class,BE-11455,FUR-FU-10004848,54.71,7,0.2,11.63,118052
US-2017-117534,3/25/2017,3/26/2017,First Class,CV-12295,OFF-AP-10002403,176.04,4,0,45.77,117534
US-2017-117534,3/25/2017,3/26/2017,First Class,CV-12295,OFF-AR-10003087,16.02,9,0,4.49,117534
US-2017-117534,3/25/2017,3/26/2017,First Class,CV-12295,OFF-BI-10002026,185.92,4,0.2,62.75,117534
US-2017-117534,3/25/2017,3/26/2017,First Class,CV-12295,TEC-PH-10000141,211.17,4,0.2,15.84,117534
US-2017-117534,3/25/2017,3/26/2017,First Class,CV-12295,TEC-CO-10000971,479.98,2,0.2,60,117534
CA-2015-145065,12/12/2015,12/15/2015,First Class,DK-13375,OFF-FA-10001229,7.86,2,0,3.62,145065
US-2015-127040,12/6/2015,12/10/2015,Standard Class,SG-20605,TEC-AC-10002637,1619.91,9,0,97.19,127040
US-2015-127040,12/6/2015,12/10/2015,Standard Class,SG-20605,FUR-FU-10002878,113.92,4,0,42.15,127040
CA-2016-128111,3/17/2016,3/23/2016,Standard Class,CS-12355,OFF-AR-10000588,39.68,2,0,10.32,128111
CA-2015-137897,11/14/2015,11/19/2015,Standard Class,PJ-18835,TEC-AC-10002217,37.6,2,0,2.26,137897
CA-2015-137897,11/14/2015,11/19/2015,Standard Class,PJ-18835,TEC-AC-10001267,59.9,2,0,23.96,137897
CA-2015-137897,11/14/2015,11/19/2015,Standard Class,PJ-18835,OFF-PA-10004041,37,5,0,16.65,137897
CA-2017-147361,9/9/2017,9/15/2017,Standard Class,SB-20290,OFF-ST-10001809,628.81,7,0,12.58,147361
CA-2017-147361,9/9/2017,9/15/2017,Standard Class,SB-20290,OFF-ST-10002214,56.45,5,0,14.68,147361
CA-2017-145877,4/1/2017,4/4/2017,Second Class,AS-10090,OFF-ST-10000649,94.2,6,0,23.55,145877
US-2016-110170,9/27/2016,10/3/2016,Standard Class,HM-14860,FUR-BO-10000780,956.66,7,0.32,-225.1,110170
CA-2017-108574,10/7/2017,10/11/2017,Standard Class,MG-18145,TEC-AC-10002049,1115.91,9,0,200.86,108574
CA-2017-108574,10/7/2017,10/11/2017,Standard Class,MG-18145,TEC-PH-10003555,128.74,7,0.2,-28.97,108574
CA-2017-144589,1/20/2017,1/25/2017,Standard Class,TM-21010,OFF-AR-10003631,24.2,5,0,7.99,144589
CA-2017-144589,1/20/2017,1/25/2017,Standard Class,TM-21010,TEC-PH-10003072,359.98,3,0.2,130.49,144589
CA-2017-155985,3/23/2017,3/25/2017,First Class,BE-11335,FUR-FU-10000758,211.84,8,0,76.26,155985
CA-2015-142041,6/7/2015,6/9/2015,Second Class,EM-13810,OFF-BI-10004187,7.52,5,0.2,2.63,142041
CA-2014-151295,11/12/2014,11/16/2014,Standard Class,JA-15970,FUR-TA-10002356,629.06,3,0.2,31.45,151295
CA-2016-156300,12/29/2016,1/2/2017,Standard Class,TB-21595,FUR-CH-10001714,754.45,5,0,60.36,156300
CA-2017-168655,10/12/2017,10/18/2017,Standard Class,ML-18040,TEC-AC-10002842,595,5,0,95.2,168655
CA-2016-107202,5/21/2016,5/28/2016,Standard Class,LC-16930,TEC-MA-10000112,2396.4,10,0.2,179.73,107202
CA-2017-159597,11/9/2017,11/14/2017,Standard Class,MC-17590,OFF-ST-10002289,63.56,2,0,3.18,159597
US-2017-147669,12/25/2017,12/30/2017,Standard Class,SV-20935,TEC-AC-10002473,158.93,7,0.2,41.72,147669
US-2017-147669,12/25/2017,12/30/2017,Standard Class,SV-20935,OFF-BI-10000632,13.02,1,0.7,-10.42,147669
US-2017-147669,12/25/2017,12/30/2017,Standard Class,SV-20935,FUR-TA-10002645,273.06,2,0.4,-104.67,147669
US-2017-147669,12/25/2017,12/30/2017,Standard Class,SV-20935,OFF-FA-10002975,39.31,13,0.2,12.78,147669
