Order ID,Order Date,Ship Date,Ship Mode,Customer ID,Product ID,Sales,Quantity,Discount,Profit,Order ID No.
CA-2016-152156,11/8/2016,11/11/2016,Second Class,CG-12520,FUR-BO-10001798,261.96,2,0,41.91,152156
CA-2016-152156,11/8/2016,11/11/2016,Second Class,CG-12520,FUR-CH-10000454,731.94,3,0,219.58,152156
CA-2016-138688,6/12/2016,6/16/2016,Second Class,DV-13045,OFF-LA-10000240,14.62,2,0,6.87,138688
US-2015-108966,10/11/2015,10/18/2015,Standard Class,SO-20335,FUR-TA-10000577,957.58,5,0.45,-383.03,108966
US-2015-108966,10/11/2015,10/18/2015,Standard Class,SO-20335,OFF-ST-10000760,22.37,2,0.2,2.52,108966
CA-2014-115812,6/9/2014,6/14/2014,Standard Class,BH-11710,FUR-FU-10001487,48.86,7,0,14.17,115812
CA-2014-115812,6/9/2014,6/14/2014,Standard Class,BH-11710,OFF-AR-10002833,7.28,4,0,1.97,115812
CA-2014-115812,6/9/2014,6/14/2014,Standard Class,BH-11710,TEC-PH-10002275,907.15,6,0.2,90.72,115812
CA-2014-115812,6/9/2014,6/14/2014,Standard Class,BH-11710,OFF-BI-10003910,18.5,3,0.2,5.78,115812
CA-2014-115812,6/9/2014,6/14/2014,Standard Class,BH-11710,OFF-AP-10002892,114.9,5,0,34.47,115812
CA-2014-115812,6/9/2014,6/14/2014,Standard Class,BH-11710,FUR-TA-10001539,1706.18,9,0.2,85.31,115812
CA-2014-115812,6/9/2014,6/14/2014,Standard Class,BH-11710,TEC-PH-10002033,911.42,4,0.2,68.36,115812
CA-2017-114412,4/15/2017,4/20/2017,Standard Class,AA-10480,OFF-PA-10002365,15.55,3,0.2,5.44,114412
CA-2016-161389,12/5/2016,12/10/2016,Standard Class,IM-15070,OFF-BI-10003656,407.98,3,0.2,132.59,161389
US-2015-118983,11/22/2015,11/26/2015,Standard Class,HP-14815,OFF-AP-10002311,68.81,5,0.8,-123.86,118983
US-2015-118983,11/22/2015,11/26/2015,Standard Class,HP-14815,OFF-BI-10000756,2.54,3,0.8,-3.82,118983
CA-2014-105893,11/11/2014,11/18/2014,Standard Class,PK-19075,OFF-ST-10004186,665.88,6,0,13.32,105893
CA-2014-167164,5/13/2014,5/15/2014,Second Class,AG-10270,OFF-ST-10000107,55.5,2,0,9.99,167164
CA-2014-143336,8/27/2014,9/1/2014,Second Class,ZD-21925,OFF-AR-10003056,8.56,2,0,2.48,143336
CA-2014-143336,8/27/2014,9/1/2014,Second Class,ZD-21925,TEC-PH-10001949,213.48,3,0.2,16.01,143336
CA-2014-143336,8/27/2014,9/1/2014,Second Class,ZD-21925,OFF-BI-10002215,22.72,4,0.2,7.38,143336
CA-2016-137330,12/9/2016,12/13/2016,Standard Class,KB-16585,OFF-AR-10000246,19.46,7,0,5.06,137330
CA-2016-137330,12/9/2016,12/13/2016,Standard Class,KB-16585,OFF-AP-10001492,60.34,7,0,15.69,137330
US-2017-156909,7/16/2017,7/18/2017,Second Class,SF-20065,FUR-CH-10002774,71.37,2,0.3,-1.02,156909
CA-2015-106320,9/25/2015,9/30/2015,Standard Class,EB-13870,FUR-TA-10000577,1044.63,3,0,240.26,106320
CA-2016-121755,1/16/2016,1/20/2016,Second Class,EH-13945,OFF-BI-10001634,11.65,2,0.2,4.22,121755
CA-2016-121755,1/16/2016,1/20/2016,Second Class,EH-13945,TEC-AC-10003027,90.57,3,0,11.77,121755
US-2015-150630,9/17/2015,9/21/2015,Standard Class,TB-21520,FUR-BO-10004834,3083.43,7,0.5,-1665.05,150630
US-2015-150630,9/17/2015,9/21/2015,Standard Class,TB-21520,OFF-BI-10000474,9.62,2,0.7,-7.05,150630
US-2015-150630,9/17/2015,9/21/2015,Standard Class,TB-21520,FUR-FU-10004848,124.2,3,0.2,15.52,150630
US-2015-150630,9/17/2015,9/21/2015,Standard Class,TB-21520,OFF-EN-10001509,3.26,2,0.2,1.1,150630
US-2015-150630,9/17/2015,9/21/2015,Standard Class,TB-21520,OFF-AR-10004042,86.3,6,0.2,9.71,150630
US-2015-150630,9/17/2015,9/21/2015,Standard Class,TB-21520,OFF-BI-10001525,6.86,6,0.7,-5.72,150630
US-2015-150630,9/17/2015,9/21/2015,Standard Class,TB-21520,OFF-AR-10001683,15.76,2,0.2,3.55,150630
CA-2017-107727,10/19/2017,10/23/2017,Second Class,MA-17560,OFF-PA-10000249,29.47,3,0.2,9.95,107727
CA-2016-117590,12/8/2016,12/10/2016,First Class,GH-14485,TEC-PH-10004977,1097.54,7,0.2,123.47,117590
CA-2016-117590,12/8/2016,12/10/2016,First Class,GH-14485,FUR-FU-10003664,190.92,5,0.6,-147.96,117590
CA-2015-117415,12/27/2015,12/31/2015,Standard Class,SN-20710,OFF-EN-10002986,113.33,9,0.2,35.42,117415
CA-2015-117415,12/27/2015,12/31/2015,Standard Class,SN-20710,FUR-BO-10002545,532.4,3,0.32,-46.98,117415
CA-2015-117415,12/27/2015,12/31/2015,Standard Class,SN-20710,FUR-CH-10004218,212.06,3,0.3,-15.15,117415
CA-2015-117415,12/27/2015,12/31/2015,Standard Class,SN-20710,TEC-PH-10000486,371.17,4,0.2,41.76,117415
CA-2017-120999,9/10/2017,9/15/2017,Standard Class,LC-16930,TEC-PH-10004093,147.17,4,0.2,16.56,120999
CA-2016-101343,7/17/2016,7/22/2016,Standard Class,RA-19885,OFF-ST-10003479,77.88,2,0,3.89,101343
CA-2017-139619,9/19/2017,9/23/2017,Standard Class,ES-14080,OFF-ST-10003282,95.62,2,0.2,9.56,139619
CA-2016-118255,3/11/2016,3/13/2016,First Class,ON-18715,TEC-AC-10000171,45.98,2,0,19.77,118255
CA-2016-118255,3/11/2016,3/13/2016,First Class,ON-18715,OFF-BI-10003291,17.46,2,0,8.21,118255
CA-2014-146703,10/20/2014,10/25/2014,Second Class,PO-18865,OFF-ST-10001713,211.96,4,0,8.48,146703
CA-2016-169194,6/20/2016,6/25/2016,Standard Class,LH-16900,TEC-AC-10002167,45,3,0,4.95,169194
CA-2016-169194,6/20/2016,6/25/2016,Standard Class,LH-16900,TEC-PH-10003988,21.8,2,0,6.1,169194
CA-2015-115742,4/18/2015,4/22/2015,Standard Class,DP-13000,OFF-BI-10004410,38.22,6,0,17.96,115742
CA-2015-115742,4/18/2015,4/22/2015,Standard Class,DP-13000,OFF-LA-10002762,75.18,6,0,35.33,115742
CA-2015-115742,4/18/2015,4/22/2015,Standard Class,DP-13000,FUR-FU-10001706,6.16,2,0,2.96,115742
CA-2015-115742,4/18/2015,4/22/2015,Standard Class,DP-13000,FUR-CH-10003061,89.99,1,0,17.1,115742
CA-2016-105816,12/11/2016,12/17/2016,Standard Class,JM-15265,OFF-FA-10000304,15.26,7,0,6.26,105816
CA-2016-105816,12/11/2016,12/17/2016,Standard Class,JM-15265,TEC-PH-10002447,1029.95,5,0,298.69,105816
CA-2016-111682,6/17/2016,6/18/2016,First Class,TB-21055,OFF-ST-10000604,208.56,6,0,52.14,111682
CA-2016-111682,6/17/2016,6/18/2016,First Class,TB-21055,OFF-PA-10001569,32.4,5,0,15.55,111682
CA-2016-111682,6/17/2016,6/18/2016,First Class,TB-21055,FUR-CH-10003968,319.41,5,0.1,7.1,111682
CA-2016-111682,6/17/2016,6/18/2016,First Class,TB-21055,OFF-PA-10000587,14.56,2,0,6.99,111682
CA-2016-111682,6/17/2016,6/18/2016,First Class,TB-21055,TEC-AC-10002167,30,2,0,3.3,111682
CA-2016-111682,6/17/2016,6/18/2016,First Class,TB-21055,OFF-BI-10001460,48.48,4,0.2,16.36,111682
CA-2016-111682,6/17/2016,6/18/2016,First Class,TB-21055,OFF-AR-10001868,1.68,1,0,0.84,111682
CA-2015-135545,11/24/2015,11/30/2015,Standard Class,KM-16720,TEC-AC-10004633,13.98,2,0,6.15,135545
CA-2015-135545,11/24/2015,11/30/2015,Standard Class,KM-16720,OFF-BI-10001078,25.82,6,0.2,9.36,135545
CA-2015-135545,11/24/2015,11/30/2015,Standard Class,KM-16720,OFF-PA-10003892,146.73,3,0,68.96,135545
CA-2015-135545,11/24/2015,11/30/2015,Standard Class,KM-16720,FUR-FU-10000397,79.76,4,0,22.33,135545
US-2015-164175,4/30/2015,5/5/2015,Standard Class,PS-18970,FUR-CH-10001146,213.12,5,0.3,-15.22,164175
CA-2014-106376,12/5/2014,12/10/2014,Standard Class,BS-11590,OFF-AR-10002671,1113.02,8,0.2,111.3,106376
CA-2014-106376,12/5/2014,12/10/2014,Standard Class,BS-11590,TEC-PH-10002726,167.97,4,0.2,62.99,106376
CA-2016-119823,6/4/2016,6/6/2016,First Class,KD-16270,OFF-PA-10000482,75.88,2,0,35.66,119823
CA-2016-106075,9/18/2016,9/23/2016,Standard Class,HM-14980,OFF-BI-10004654,4.62,1,0.2,1.73,106075
CA-2017-114440,9/14/2017,9/17/2017,Second Class,TB-21520,OFF-PA-10004675,19.05,3,0,8.76,114440
US-2015-134026,4/26/2015,5/2/2015,Standard Class,JE-15745,FUR-CH-10000513,831.94,8,0.2,-114.39,134026
US-2015-134026,4/26/2015,5/2/2015,Standard Class,JE-15745,FUR-FU-10003708,97.04,2,0.2,1.21,134026
US-2015-134026,4/26/2015,5/2/2015,Standard Class,JE-15745,OFF-ST-10004123,72.78,1,0.2,-18.2,134026
US-2017-118038,12/9/2017,12/11/2017,First Class,KB-16600,OFF-BI-10004182,1.25,3,0.8,-1.93,118038
US-2017-118038,12/9/2017,12/11/2017,First Class,KB-16600,FUR-FU-10000260,9.71,3,0.6,-5.82,118038
US-2017-118038,12/9/2017,12/11/2017,First Class,KB-16600,OFF-ST-10000615,27.24,3,0.2,2.72,118038
US-2014-147606,11/26/2014,12/1/2014,Second Class,JE-15745,FUR-FU-10003194,19.3,5,0.6,-14.48,147606
CA-2016-127208,6/12/2016,6/15/2016,First Class,SC-20770,OFF-AP-10002118,208.16,1,0,56.2,127208
CA-2016-127208,6/12/2016,6/15/2016,First Class,SC-20770,OFF-BI-10002309,16.74,3,0,8.04,127208
CA-2014-139451,10/12/2014,10/16/2014,Standard Class,DN-13690,OFF-AR-10002053,14.9,5,0,4.17,139451
CA-2014-139451,10/12/2014,10/16/2014,Standard Class,DN-13690,OFF-ST-10002370,21.39,1,0,6.2,139451
CA-2015-149734,9/3/2015,9/8/2015,Standard Class,JC-16105,OFF-EN-10000927,200.98,7,0.2,62.81,149734
US-2017-119662,11/13/2017,11/16/2017,First Class,CS-12400,OFF-ST-10003656,230.38,3,0.2,-48.95,119662
CA-2017-140088,5/28/2017,5/30/2017,Second Class,PO-18865,FUR-CH-10000863,301.96,2,0,33.22,140088
CA-2017-155558,10/26/2017,11/2/2017,Standard Class,PG-18895,TEC-AC-10001998,19.99,1,0,6.8,155558
CA-2016-159695,4/5/2016,4/10/2016,Second Class,GM-14455,OFF-ST-10003442,158.37,7,0.2,13.86,159695
CA-2016-109806,9/17/2016,9/22/2016,Standard Class,JS-15685,OFF-AR-10004930,20.1,3,0,6.63,109806
CA-2016-109806,9/17/2016,9/22/2016,Standard Class,JS-15685,TEC-PH-10004093,73.58,2,0.2,8.28,109806
CA-2016-109806,9/17/2016,9/22/2016,Standard Class,JS-15685,OFF-PA-10000304,6.48,1,0,3.11,109806
CA-2015-149587,1/31/2015,2/5/2015,Second Class,KB-16315,OFF-PA-10003177,12.96,2,0,6.22,149587
CA-2015-149587,1/31/2015,2/5/2015,Second Class,KB-16315,FUR-FU-10003799,53.34,3,0,16.54,149587
CA-2015-149587,1/31/2015,2/5/2015,Second Class,KB-16315,OFF-BI-10002852,32.96,2,0,16.15,149587
US-2017-109484,11/6/2017,11/12/2017,Standard Class,RB-19705,OFF-BI-10004738,5.68,1,0.7,-3.79,109484
CA-2017-161018,11/9/2017,11/11/2017,Second Class,PN-18775,FUR-FU-10000629,96.53,7,0,40.54,161018
CA-2017-157833,6/17/2017,6/20/2017,First Class,KD-16345,OFF-BI-10001721,51.31,3,0.2,17.96,157833
CA-2016-158568,8/29/2016,9/2/2016,Standard Class,RB-19465,OFF-PA-10003256,64.62,7,0.2,22.62,158568
CA-2016-158568,8/29/2016,9/2/2016,Standard Class,RB-19465,TEC-AC-10001767,95.98,3,0.2,-10.8,158568
CA-2016-158568,8/29/2016,9/2/2016,Standard Class,RB-19465,OFF-BI-10002609,1.79,3,0.8,-3.04,158568
CA-2016-129903,12/1/2016,12/4/2016,Second Class,GZ-14470,OFF-PA-10004040,23.92,4,0,11.72,129903
US-2015-156867,11/13/2015,11/17/2015,Standard Class,LC-16870,TEC-AC-10001552,238.9,6,0.2,-26.88,156867
US-2015-156867,11/13/2015,11/17/2015,Standard Class,LC-16870,FUR-FU-10004006,102.36,3,0.2,-3.84,156867
US-2015-156867,11/13/2015,11/17/2015,Standard Class,LC-16870,OFF-BI-10002794,36.88,3,0.7,-25.82,156867
CA-2017-119004,11/23/2017,11/28/2017,Standard Class,JM-15250,TEC-AC-10003499,74.11,8,0.2,17.6,119004
CA-2017-119004,11/23/2017,11/28/2017,Standard Class,JM-15250,TEC-PH-10002844,27.99,1,0.2,2.1,119004
CA-2017-119004,11/23/2017,11/28/2017,Standard Class,JM-15250,OFF-AR-10000390,3.3,1,0.2,1.07,119004
CA-2015-129476,10/15/2015,10/20/2015,Standard Class,PA-19060,TEC-AC-10000844,339.96,5,0.2,67.99,129476
CA-2017-146780,12/25/2017,12/30/2017,Standard Class,CV-12805,FUR-FU-10001934,41.96,2,0,10.91,146780
CA-2016-128867,11/3/2016,11/10/2016,Standard Class,CL-12565,OFF-AR-10000380,75.96,2,0,22.79,128867
CA-2014-115259,8/25/2014,8/27/2014,Second Class,RC-19960,OFF-FA-10000621,40.1,14,0.2,14.53,115259
CA-2014-115259,8/25/2014,8/27/2014,Second Class,RC-19960,OFF-EN-10002600,4.72,2,0.2,1.65,115259
CA-2014-115259,8/25/2014,8/27/2014,Second Class,RC-19960,OFF-PA-10004965,23.98,3,0.2,7.49,115259
CA-2014-115259,8/25/2014,8/27/2014,Second Class,RC-19960,OFF-EN-10002504,130.46,6,0.2,44.03,115259
CA-2015-110457,3/2/2015,3/6/2015,Standard Class,DK-13090,FUR-TA-10001768,787.53,3,0,165.38,110457
US-2015-136476,4/5/2015,4/10/2015,Standard Class,GG-14650,OFF-BI-10003650,157.79,1,0.7,-115.72,136476
CA-2016-103730,6/12/2016,6/15/2016,First Class,SC-20725,FUR-FU-10002157,47.04,3,0,18.35,103730
CA-2016-103730,6/12/2016,6/15/2016,First Class,SC-20725,OFF-BI-10003910,30.84,4,0,13.88,103730
CA-2016-103730,6/12/2016,6/15/2016,First Class,SC-20725,OFF-ST-10000777,226.56,6,0,63.44,103730
CA-2016-103730,6/12/2016,6/15/2016,First Class,SC-20725,OFF-EN-10002500,115.02,9,0,51.76,103730
CA-2016-103730,6/12/2016,6/15/2016,First Class,SC-20725,TEC-PH-10003875,68.04,7,0,19.73,103730
US-2014-152030,12/26/2014,12/28/2014,Second Class,AD-10180,FUR-CH-10004063,600.56,3,0.3,-8.58,152030
US-2014-134614,9/20/2014,9/25/2014,Standard Class,PF-19165,FUR-TA-10004534,617.7,6,0.5,-407.68,134614
US-2017-107272,11/5/2017,11/12/2017,Standard Class,TS-21610,OFF-BI-10003274,2.39,2,0.7,-1.83,107272
US-2017-107272,11/5/2017,11/12/2017,Standard Class,TS-21610,OFF-ST-10002974,243.99,7,0.2,30.5,107272
US-2016-125969,11/6/2016,11/10/2016,Second Class,LS-16975,FUR-CH-10001146,81.42,2,0.2,-9.16,125969
US-2016-125969,11/6/2016,11/10/2016,Second Class,LS-16975,FUR-FU-10003773,238.56,3,0,26.24,125969
US-2017-164147,2/2/2017,2/5/2017,First Class,DW-13585,TEC-PH-10002293,59.97,5,0.4,-11.99,164147
US-2017-164147,2/2/2017,2/5/2017,First Class,DW-13585,OFF-PA-10002377,78.3,2,0.2,29.36,164147
US-2017-164147,2/2/2017,2/5/2017,First Class,DW-13585,OFF-FA-10002780,21.46,9,0.2,6.97,164147
CA-2016-145583,10/13/2016,10/19/2016,Standard Class,LC-16885,OFF-PA-10001804,20.04,3,0,9.62,145583
CA-2016-145583,10/13/2016,10/19/2016,Standard Class,LC-16885,OFF-PA-10001736,35.44,1,0,16.66,145583
CA-2016-145583,10/13/2016,10/19/2016,Standard Class,LC-16885,OFF-AR-10001149,11.52,4,0,3.46,145583
CA-2016-145583,10/13/2016,10/19/2016,Standard Class,LC-16885,OFF-FA-10002988,4.02,2,0,1.97,145583
CA-2016-145583,10/13/2016,10/19/2016,Standard Class,LC-16885,OFF-BI-10004781,76.18,3,0.2,26.66,145583
CA-2016-145583,10/13/2016,10/19/2016,Standard Class,LC-16885,OFF-SU-10001218,65.88,6,0,18.45,145583
CA-2016-145583,10/13/2016,10/19/2016,Standard Class,LC-16885,FUR-FU-10001706,43.12,14,0,20.7,145583
CA-2016-110366,9/5/2016,9/7/2016,Second Class,JD-15895,FUR-FU-10004848,82.8,2,0.2,10.35,110366
CA-2017-106180,9/18/2017,9/23/2017,Standard Class,SH-19975,OFF-AR-10000940,8.82,3,0,2.38,106180
CA-2017-106180,9/18/2017,9/23/2017,Standard Class,SH-19975,OFF-EN-10004030,10.86,3,0,5.1,106180
CA-2017-106180,9/18/2017,9/23/2017,Standard Class,SH-19975,OFF-PA-10004327,143.7,3,0,68.98,106180
CA-2017-155376,12/22/2017,12/27/2017,Standard Class,SG-20080,OFF-AP-10001058,839.43,3,0,218.25,155376
CA-2015-110744,9/7/2015,9/12/2015,Standard Class,HA-14920,OFF-ST-10003656,671.93,7,0,20.16,110744
CA-2014-110072,10/22/2014,10/28/2014,Standard Class,MG-17680,FUR-FU-10000521,93.89,4,0.2,12.91,110072
CA-2016-114489,12/5/2016,12/9/2016,Standard Class,JE-16165,TEC-PH-10000215,384.45,11,0,103.8,114489
CA-2016-114489,12/5/2016,12/9/2016,Standard Class,JE-16165,TEC-PH-10001448,149.97,3,0,6,114489
CA-2016-114489,12/5/2016,12/9/2016,Standard Class,JE-16165,FUR-CH-10000454,1951.84,8,0,585.55,114489
CA-2016-114489,12/5/2016,12/9/2016,Standard Class,JE-16165,OFF-BI-10002735,171.55,5,0,80.63,114489
CA-2016-158834,3/13/2016,3/16/2016,First Class,TW-21025,OFF-AP-10000326,157.92,5,0.2,17.77,158834
CA-2016-158834,3/13/2016,3/16/2016,First Class,TW-21025,TEC-PH-10001254,203.18,2,0.2,15.24,158834
CA-2015-124919,5/31/2015,6/2/2015,First Class,SP-20650,OFF-PA-10001950,58.38,7,0,26.27,124919
CA-2015-124919,5/31/2015,6/2/2015,First Class,SP-20650,OFF-PA-10002254,105.52,4,0,48.54,124919
CA-2015-124919,5/31/2015,6/2/2015,First Class,SP-20650,OFF-ST-10001590,80.88,6,0,21.03,124919
CA-2015-118948,5/28/2015,6/3/2015,Standard Class,NK-18490,OFF-AR-10001547,6.63,3,0,1.79,118948
CA-2014-104269,3/1/2014,3/6/2014,Second Class,DB-13060,FUR-CH-10004063,457.57,2,0.2,51.48,104269
CA-2016-114104,11/20/2016,11/24/2016,Standard Class,NP-18670,TEC-PH-10004536,944.93,7,0,236.23,114104
CA-2016-162733,5/11/2016,5/12/2016,First Class,TT-21070,OFF-PA-10002751,5.98,1,0,2.69,162733
CA-2015-119697,12/28/2015,12/31/2015,Second Class,EM-13960,TEC-AC-10003657,54.38,2,0.2,1.36,119697
CA-2016-154508,11/16/2016,11/20/2016,Standard Class,RD-19900,OFF-EN-10001990,28.4,5,0,13.35,154508
CA-2016-113817,11/7/2016,11/11/2016,Standard Class,MJ-17740,OFF-BI-10004002,27.68,2,0.2,9.69,113817
CA-2014-139892,9/8/2014,9/12/2014,Standard Class,BM-11140,OFF-AR-10004441,9.94,3,0.2,2.73,139892
CA-2014-139892,9/8/2014,9/12/2014,Standard Class,BM-11140,TEC-MA-10000822,8159.95,8,0.4,-1359.99,139892
CA-2014-139892,9/8/2014,9/12/2014,Standard Class,BM-11140,OFF-ST-10000991,275.93,3,0.2,-58.63,139892
CA-2014-139892,9/8/2014,9/12/2014,Standard Class,BM-11140,FUR-CH-10004287,1740.06,9,0.3,-24.86,139892
CA-2014-139892,9/8/2014,9/12/2014,Standard Class,BM-11140,OFF-AR-10002656,32.06,6,0.2,6.81,139892
CA-2014-139892,9/8/2014,9/12/2014,Standard Class,BM-11140,OFF-AP-10002518,177.98,5,0.8,-453.85,139892
CA-2014-139892,9/8/2014,9/12/2014,Standard Class,BM-11140,TEC-PH-10003931,143.98,3,0.2,9,139892
CA-2014-118962,8/5/2014,8/9/2014,Standard Class,CS-12130,OFF-PA-10000659,20.94,3,0,9.84,118962
CA-2014-118962,8/5/2014,8/9/2014,Standard Class,CS-12130,OFF-PA-10001144,110.96,2,0,53.26,118962
CA-2014-118962,8/5/2014,8/9/2014,Standard Class,CS-12130,FUR-CH-10003817,340.14,7,0.2,21.26,118962
US-2014-100853,9/14/2014,9/19/2014,Standard Class,JB-15400,OFF-AP-10000891,52.45,2,0.8,-131.12,100853
US-2014-100853,9/14/2014,9/19/2014,Standard Class,JB-15400,OFF-LA-10003148,20.16,4,0.2,6.55,100853
US-2017-152366,4/21/2017,4/25/2017,Second Class,SJ-20500,OFF-AP-10002684,97.26,4,0.8,-243.16,152366
US-2015-101511,11/21/2015,11/23/2015,Second Class,JE-15745,FUR-CH-10004698,396.8,7,0.3,-11.34,101511
US-2015-101511,11/21/2015,11/23/2015,Second Class,JE-15745,OFF-SU-10002189,15.88,5,0.2,-3.77,101511
CA-2015-137225,12/15/2015,12/19/2015,Standard Class,JK-15640,OFF-AR-10001940,3.28,1,0,1.41,137225
CA-2014-166191,12/5/2014,12/9/2014,Second Class,DK-13150,OFF-ST-10003455,24.82,2,0.2,1.86,166191
CA-2014-166191,12/5/2014,12/9/2014,Second Class,DK-13150,TEC-AC-10004659,408.74,7,0.2,76.64,166191
CA-2014-158274,11/19/2014,11/24/2014,Second Class,RM-19675,TEC-PH-10003273,503.96,4,0,131.03,158274
CA-2014-158274,11/19/2014,11/24/2014,Second Class,RM-19675,TEC-PH-10004896,149.95,5,0,41.99,158274
CA-2014-158274,11/19/2014,11/24/2014,Second Class,RM-19675,TEC-AC-10002345,29,2,0,7.25,158274
CA-2016-105018,11/28/2016,12/2/2016,Standard Class,SK-19990,OFF-BI-10001890,7.16,2,0,3.44,105018
CA-2014-123260,8/26/2014,8/30/2014,Standard Class,FM-14290,TEC-AC-10002323,176.8,8,0,22.98,123260
CA-2016-157000,7/16/2016,7/22/2016,Standard Class,AM-10360,OFF-ST-10001328,37.22,3,0.2,3.72,157000
CA-2016-157000,7/16/2016,7/22/2016,Standard Class,AM-10360,OFF-PA-10001950,20.02,3,0.2,6.26,157000
CA-2015-102281,10/12/2015,10/14/2015,First Class,MP-17470,FUR-BO-10002613,899.14,4,0.2,112.39,102281
CA-2015-102281,10/12/2015,10/14/2015,First Class,MP-17470,TEC-PH-10001552,71.76,6,0,20.09,102281
CA-2015-102281,10/12/2015,10/14/2015,First Class,MP-17470,OFF-PA-10000061,51.84,8,0,24.88,102281
CA-2015-102281,10/12/2015,10/14/2015,First Class,MP-17470,FUR-BO-10002545,626.35,3,0.2,46.98,102281
CA-2015-102281,10/12/2015,10/14/2015,First Class,MP-17470,OFF-AR-10003514,19.9,5,0,6.57,102281
CA-2015-131457,10/31/2015,11/6/2015,Standard Class,MZ-17515,OFF-EN-10001509,14.28,7,0,6.71,131457
CA-2014-140004,3/21/2014,3/25/2014,Standard Class,CB-12025,OFF-AR-10004685,7.41,2,0.2,1.2,140004
CA-2014-140004,3/21/2014,3/25/2014,Standard Class,CB-12025,OFF-AR-10004027,6.05,3,0.2,1.59,140004
CA-2017-107720,11/6/2017,11/13/2017,Standard Class,VM-21685,OFF-ST-10001414,46.26,3,0,12.03,107720
US-2017-124303,7/6/2017,7/13/2017,Standard Class,FH-14365,OFF-BI-10000343,2.95,2,0.7,-2.26,124303
US-2017-124303,7/6/2017,7/13/2017,Standard Class,FH-14365,OFF-PA-10002749,16.06,3,0.2,5.82,124303
CA-2017-105074,6/24/2017,6/29/2017,Standard Class,MB-17305,OFF-PA-10002666,21.74,3,0.2,6.8,105074
CA-2014-133690,8/3/2014,8/5/2014,First Class,BS-11755,FUR-TA-10004289,218.75,2,0.5,-161.88,133690
CA-2014-133690,8/3/2014,8/5/2014,First Class,BS-11755,OFF-AP-10003622,2.6,1,0.2,0.29,133690
US-2017-116701,12/17/2017,12/21/2017,Second Class,LC-17140,OFF-AP-10003217,66.28,2,0.8,-178.97,116701
CA-2017-126382,6/3/2017,6/7/2017,Standard Class,HK-14890,FUR-FU-10002960,35.17,7,0.2,9.67,126382
CA-2017-108329,12/9/2017,12/14/2017,Standard Class,LE-16810,TEC-PH-10001918,444.77,4,0.2,44.48,108329
CA-2017-135860,12/1/2017,12/7/2017,Standard Class,JH-15985,OFF-ST-10000642,83.92,4,0,5.87,135860
CA-2017-135860,12/1/2017,12/7/2017,Standard Class,JH-15985,TEC-PH-10001700,131.98,2,0,35.63,135860
CA-2017-135860,12/1/2017,12/7/2017,Standard Class,JH-15985,OFF-BI-10003274,15.92,4,0,7.48,135860
CA-2017-135860,12/1/2017,12/7/2017,Standard Class,JH-15985,OFF-FA-10000134,52.29,9,0,16.21,135860
CA-2017-135860,12/1/2017,12/7/2017,Standard Class,JH-15985,OFF-ST-10001522,91.99,1,0,3.68,135860
CA-2015-101007,2/9/2015,2/13/2015,Second Class,MS-17980,TEC-AC-10001266,20.8,2,0.2,6.5,101007
CA-2015-146262,1/2/2015,1/9/2015,Standard Class,VW-21775,OFF-LA-10004544,23.68,2,0.2,8.88,146262
CA-2015-146262,1/2/2015,1/9/2015,Standard Class,VW-21775,FUR-BO-10004695,452.45,5,0.5,-244.32,146262
CA-2015-146262,1/2/2015,1/9/2015,Standard Class,VW-21775,TEC-PH-10002844,62.98,3,0.4,-14.7,146262
CA-2015-146262,1/2/2015,1/9/2015,Standard Class,VW-21775,TEC-MA-10000864,1188,9,0.7,-950.4,146262
CA-2015-146262,1/2/2015,1/9/2015,Standard Class,VW-21775,TEC-AC-10000109,89.58,2,0.2,4.48,146262
CA-2016-130162,10/28/2016,11/1/2016,Standard Class,JH-15910,OFF-ST-10001328,93.06,6,0,26.06,130162
CA-2016-130162,10/28/2016,11/1/2016,Standard Class,JH-15910,TEC-PH-10002563,302.38,3,0.2,22.68,130162
CA-2015-169397,12/24/2015,12/27/2015,First Class,JB-15925,OFF-FA-10000585,5.58,2,0.2,1.81,169397
CA-2015-169397,12/24/2015,12/27/2015,First Class,JB-15925,OFF-PA-10004000,22.7,6,0.2,8.23,169397
CA-2015-169397,12/24/2015,12/27/2015,First Class,JB-15925,OFF-BI-10002852,19.78,4,0.7,-13.84,169397
CA-2015-169397,12/24/2015,12/27/2015,First Class,JB-15925,FUR-FU-10000087,72.7,4,0.2,19.08,169397
CA-2015-169397,12/24/2015,12/27/2015,First Class,JB-15925,TEC-MA-10001148,479.99,4,0.7,-383.99,169397
CA-2015-169397,12/24/2015,12/27/2015,First Class,JB-15925,OFF-AR-10001958,27.17,2,0.2,2.72,169397
CA-2015-163055,8/9/2015,8/16/2015,Standard Class,DS-13180,OFF-AR-10001026,2.2,1,0,0.97,163055
CA-2015-163055,8/9/2015,8/16/2015,Standard Class,DS-13180,FUR-TA-10003748,622.45,5,0,136.94,163055
CA-2015-163055,8/9/2015,8/16/2015,Standard Class,DS-13180,OFF-ST-10002485,21.98,1,0,0.22,163055
US-2015-145436,2/28/2015,3/4/2015,Standard Class,VD-21670,FUR-CH-10004860,161.57,2,0.2,-28.27,145436
US-2015-145436,2/28/2015,3/4/2015,Standard Class,VD-21670,FUR-CH-10004477,389.7,8,0.2,43.84,145436
US-2014-156216,9/13/2014,9/17/2014,Standard Class,EA-14035,OFF-BI-10001679,18.65,7,0.7,-12.43,156216
US-2017-100930,4/7/2017,4/12/2017,Standard Class,CS-12400,FUR-TA-10001705,233.86,2,0.45,-102.05,100930
US-2017-100930,4/7/2017,4/12/2017,Standard Class,CS-12400,FUR-TA-10003473,620.61,3,0.45,-248.25,100930
US-2017-100930,4/7/2017,4/12/2017,Standard Class,CS-12400,OFF-BI-10001679,5.33,2,0.7,-3.55,100930
US-2017-100930,4/7/2017,4/12/2017,Standard Class,CS-12400,FUR-FU-10004017,258.07,3,0.2,0,100930
US-2017-100930,4/7/2017,4/12/2017,Standard Class,CS-12400,TEC-AC-10003832,617.98,3,0.2,-7.72,100930
CA-2017-160514,11/12/2017,11/16/2017,Standard Class,DB-13120,OFF-PA-10002479,10.56,2,0,4.75,160514
CA-2016-157749,6/4/2016,6/9/2016,Second Class,KL-16645,OFF-PA-10003349,25.92,5,0.2,9.4,157749
CA-2016-157749,6/4/2016,6/9/2016,Second Class,KL-16645,FUR-FU-10000576,419.68,5,0.6,-356.73,157749
CA-2016-157749,6/4/2016,6/9/2016,Second Class,KL-16645,FUR-FU-10004351,11.69,3,0.6,-4.68,157749
CA-2016-157749,6/4/2016,6/9/2016,Second Class,KL-16645,TEC-PH-10000011,31.98,2,0.2,11.19,157749
CA-2016-157749,6/4/2016,6/9/2016,Second Class,KL-16645,FUR-TA-10002607,177.22,5,0.5,-120.51,157749
CA-2016-157749,6/4/2016,6/9/2016,Second Class,KL-16645,FUR-FU-10002505,4.04,3,0.6,-2.83,157749
CA-2014-131926,6/1/2014,6/6/2014,Second Class,DW-13480,FUR-CH-10004063,2001.86,7,0,580.54,131926
CA-2014-131926,6/1/2014,6/6/2014,Second Class,DW-13480,OFF-ST-10002276,166.72,2,0,41.68,131926
CA-2014-131926,6/1/2014,6/6/2014,Second Class,DW-13480,OFF-PA-10004082,47.88,6,0,23.94,131926
CA-2014-131926,6/1/2014,6/6/2014,Second Class,DW-13480,OFF-AP-10002945,1503.25,5,0,496.07,131926
CA-2016-154739,12/10/2016,12/15/2016,Second Class,LH-17155,FUR-CH-10002965,321.57,2,0.2,28.14,154739
CA-2016-145625,9/11/2016,9/17/2016,Standard Class,KC-16540,OFF-PA-10004569,7.61,1,0,3.58,145625
CA-2016-145625,9/11/2016,9/17/2016,Standard Class,KC-16540,TEC-AC-10003832,3347.37,13,0,636,145625
CA-2016-146941,12/10/2016,12/13/2016,First Class,DL-13315,OFF-ST-10001228,80.58,6,0,22.56,146941
CA-2016-146941,12/10/2016,12/13/2016,First Class,DL-13315,OFF-EN-10003296,361.92,4,0,162.86,146941
US-2015-159982,11/28/2015,12/4/2015,Standard Class,DR-12880,FUR-FU-10002505,12.13,9,0.6,-8.49,159982
US-2015-159982,11/28/2015,12/4/2015,Standard Class,DR-12880,OFF-ST-10004804,82.37,2,0.2,-19.56,159982
US-2015-159982,11/28/2015,12/4/2015,Standard Class,DR-12880,OFF-ST-10001590,53.92,5,0.2,4.04,159982
US-2015-159982,11/28/2015,12/4/2015,Standard Class,DR-12880,TEC-PH-10001580,647.9,6,0.2,56.69,159982
CA-2017-163139,12/1/2017,12/3/2017,Second Class,CC-12670,TEC-AC-10000290,20.37,3,0,6.93,163139
CA-2017-163139,12/1/2017,12/3/2017,Second Class,CC-12670,OFF-ST-10002790,221.55,3,0,6.65,163139
CA-2017-163139,12/1/2017,12/3/2017,Second Class,CC-12670,OFF-BI-10003460,17.52,5,0.2,6.13,163139
US-2017-155299,6/8/2017,6/12/2017,Standard Class,Dl-13600,OFF-AP-10002203,1.62,2,0.8,-4.47,155299
US-2014-106992,9/19/2014,9/21/2014,Second Class,SB-20290,TEC-MA-10000822,3059.98,3,0.4,-510,106992
US-2014-106992,9/19/2014,9/21/2014,Second Class,SB-20290,TEC-MA-10003353,2519.96,7,0.4,-252,106992
CA-2016-125318,6/6/2016,6/13/2016,Standard Class,RC-19825,TEC-PH-10001433,328.22,4,0.2,28.72,125318
CA-2015-155040,11/10/2015,11/15/2015,Standard Class,AH-10210,TEC-AC-10004469,79.9,2,0,35.16,155040
CA-2017-136826,6/16/2017,6/20/2017,Standard Class,CB-12535,OFF-AR-10003602,14.02,3,0.2,4.73,136826
CA-2016-111010,1/22/2016,1/28/2016,Standard Class,PG-18895,OFF-FA-10003472,7.56,6,0,0.3,111010
US-2017-145366,12/9/2017,12/13/2017,Standard Class,CA-12310,OFF-ST-10004180,37.21,1,0.2,-7.44,145366
US-2017-145366,12/9/2017,12/13/2017,Standard Class,CA-12310,OFF-EN-10004386,57.58,3,0.2,21.59,145366
CA-2017-163979,12/28/2017,1/2/2018,Second Class,KH-16690,OFF-ST-10003208,725.84,4,0,210.49,163979
CA-2015-155334,7/30/2015,7/31/2015,First Class,HA-14920,TEC-AC-10003628,209.93,7,0,92.37,155334
CA-2015-155334,7/30/2015,7/31/2015,First Class,HA-14920,FUR-FU-10003274,5.28,3,0,2.32,155334
CA-2015-155334,7/30/2015,7/31/2015,First Class,HA-14920,OFF-BI-10002557,10.92,3,0.2,4.1,155334
CA-2017-132976,10/13/2017,10/17/2017,Standard Class,AG-10495,OFF-PA-10004470,18.18,4,0.2,5.91,132976
CA-2017-132976,10/13/2017,10/17/2017,Standard Class,AG-10495,OFF-ST-10000876,59.71,6,0.2,5.97,132976
CA-2017-132976,10/13/2017,10/17/2017,Standard Class,AG-10495,OFF-LA-10002043,24.84,3,0.2,8.69,132976
US-2015-161991,9/26/2015,9/28/2015,Second Class,SC-20725,OFF-BI-10004967,2.08,5,0.8,-3.43,161991
US-2015-161991,9/26/2015,9/28/2015,Second Class,SC-20725,TEC-PH-10001760,1114.4,7,0.2,376.11,161991
CA-2015-130890,11/2/2015,11/6/2015,Standard Class,JO-15280,FUR-TA-10002903,1038.84,5,0.2,51.94,130890
CA-2015-130883,9/26/2015,10/2/2015,Standard Class,TB-21520,OFF-PA-10000474,141.76,5,0.2,47.84,130883
CA-2015-130883,9/26/2015,10/2/2015,Standard Class,TB-21520,TEC-AC-10001956,239.8,5,0.2,47.96,130883
CA-2015-130883,9/26/2015,10/2/2015,Standard Class,TB-21520,OFF-PA-10004100,31.1,6,0.2,10.89,130883
CA-2016-112697,12/18/2016,12/20/2016,Second Class,AH-10195,OFF-BI-10000778,254.06,7,0.7,-169.37,112697
CA-2016-112697,12/18/2016,12/20/2016,Second Class,AH-10195,OFF-AP-10002684,194.53,2,0.2,24.32,112697
CA-2016-112697,12/18/2016,12/20/2016,Second Class,AH-10195,OFF-SU-10000646,961.48,5,0.2,-204.31,112697
CA-2016-110772,11/20/2016,11/24/2016,Second Class,NZ-18565,OFF-FA-10002983,19.1,7,0.2,6.68,110772
CA-2016-110772,11/20/2016,11/24/2016,Second Class,NZ-18565,OFF-LA-10004689,18.5,8,0.2,6.24,110772
CA-2016-110772,11/20/2016,11/24/2016,Second Class,NZ-18565,TEC-AC-10002001,255.98,2,0.2,54.4,110772
CA-2016-110772,11/20/2016,11/24/2016,Second Class,NZ-18565,FUR-BO-10004709,86.97,3,0.5,-48.7,110772
CA-2014-111451,12/26/2014,12/28/2014,First Class,KL-16555,FUR-FU-10004091,300.42,8,0.2,78.86,111451
CA-2014-111451,12/26/2014,12/28/2014,First Class,KL-16555,FUR-CH-10001891,230.35,3,0.2,20.16,111451
CA-2014-111451,12/26/2014,12/28/2014,First Class,KL-16555,FUR-FU-10002918,218.35,3,0.2,-24.56,111451
CA-2014-111451,12/26/2014,12/28/2014,First Class,KL-16555,OFF-BI-10004593,78.6,5,0.7,-62.88,111451
CA-2014-111451,12/26/2014,12/28/2014,First Class,KL-16555,OFF-FA-10004854,27.55,3,0.2,9.3,111451
CA-2016-142545,10/28/2016,11/3/2016,Standard Class,JD-15895,OFF-ST-10002756,1082.48,8,0,10.82,142545
CA-2016-142545,10/28/2016,11/3/2016,Standard Class,JD-15895,OFF-PA-10004243,56.91,3,0,27.32,142545
CA-2016-142545,10/28/2016,11/3/2016,Standard Class,JD-15895,FUR-FU-10001861,77.6,4,0,38.02,142545
US-2017-152380,11/19/2017,11/23/2017,Standard Class,JH-15910,FUR-TA-10002533,219.08,3,0.5,-131.44,152380
CA-2015-144253,5/4/2015,5/9/2015,Second Class,AS-10225,FUR-FU-10002671,26.8,2,0,12.86,144253
CA-2014-130960,12/30/2014,1/4/2015,Standard Class,KB-16600,OFF-AR-10003651,9.84,3,0,2.85,130960
CA-2014-111003,6/1/2014,6/6/2014,Standard Class,CR-12625,OFF-BI-10001072,45.48,3,0,20.92,111003
CA-2014-111003,6/1/2014,6/6/2014,Standard Class,CR-12625,OFF-AR-10002135,289.2,6,0,83.87,111003
CA-2017-126774,4/15/2017,4/17/2017,First Class,SH-20395,OFF-AR-10002804,4.89,1,0,2,126774
CA-2016-142902,9/12/2016,9/14/2016,Second Class,BP-11185,FUR-FU-10001918,15.14,4,0.2,3.59,142902
CA-2016-142902,9/12/2016,9/14/2016,Second Class,BP-11185,FUR-CH-10004086,466.77,2,0.2,52.51,142902
CA-2016-142902,9/12/2016,9/14/2016,Second Class,BP-11185,FUR-FU-10001756,15.23,1,0.2,1.71,142902
CA-2016-142902,9/12/2016,9/14/2016,Second Class,BP-11185,OFF-LA-10000634,6.26,3,0.2,2.04,142902
CA-2014-120887,9/27/2014,10/3/2014,Standard Class,TS-21205,FUR-FU-10001588,87.54,3,0,37.64,120887
CA-2014-167850,8/9/2014,8/16/2014,Standard Class,AG-10525,TEC-PH-10002398,178.38,2,0.2,22.3,167850
CA-2014-164259,12/28/2014,12/30/2014,First Class,SP-20860,OFF-AR-10003373,99.14,4,0.2,8.67,164259
CA-2014-164973,11/4/2014,11/9/2014,Standard Class,NM-18445,FUR-CH-10002602,135.88,1,0.1,24.16,164973
CA-2014-164973,11/4/2014,11/9/2014,Standard Class,NM-18445,TEC-MA-10002927,3991.98,2,0,1995.99,164973
CA-2014-164973,11/4/2014,11/9/2014,Standard Class,NM-18445,TEC-PH-10004093,275.94,6,0,80.02,164973
CA-2014-164973,11/4/2014,11/9/2014,Standard Class,NM-18445,TEC-AC-10000892,360,4,0,129.6,164973
CA-2014-164973,11/4/2014,11/9/2014,Standard Class,NM-18445,OFF-ST-10002974,43.57,1,0,13.07,164973
CA-2016-162138,4/23/2016,4/27/2016,Standard Class,GK-14620,OFF-BI-10004593,251.52,6,0.2,81.74,162138
CA-2016-162138,4/23/2016,4/27/2016,Standard Class,GK-14620,TEC-AC-10001908,99.99,1,0,35,162138
CA-2017-153339,11/3/2017,11/5/2017,Second Class,DJ-13510,FUR-FU-10001967,15.99,1,0.2,1,153339
US-2016-141544,8/30/2016,9/1/2016,First Class,PO-18850,TEC-PH-10003645,290.9,3,0.4,-67.88,141544
US-2016-141544,8/30/2016,9/1/2016,First Class,PO-18850,OFF-ST-10000675,54.22,2,0.2,3.39,141544
US-2016-141544,8/30/2016,9/1/2016,First Class,PO-18850,FUR-CH-10003312,786.74,4,0.3,-258.5,141544
US-2016-141544,8/30/2016,9/1/2016,First Class,PO-18850,OFF-LA-10001074,100.24,10,0.2,33.83,141544
US-2016-141544,8/30/2016,9/1/2016,First Class,PO-18850,OFF-BI-10001524,37.76,6,0.7,-27.69,141544
US-2016-150147,4/25/2016,4/29/2016,Second Class,JL-15850,OFF-BI-10001153,20.72,2,0.7,-13.82,150147
US-2016-150147,4/25/2016,4/29/2016,Second Class,JL-15850,OFF-BI-10001982,4.9,3,0.7,-3.43,150147
CA-2015-137946,9/1/2015,9/4/2015,Second Class,DB-13615,OFF-BI-10001922,4.75,1,0.2,1.6,137946
CA-2015-137946,9/1/2015,9/4/2015,Second Class,DB-13615,TEC-CO-10001449,959.98,2,0.2,335.99,137946
CA-2015-137946,9/1/2015,9/4/2015,Second Class,DB-13615,OFF-BI-10004140,14.37,4,0.2,4.49,137946
CA-2014-129924,7/12/2014,7/17/2014,Standard Class,AC-10420,OFF-BI-10003314,7.71,2,0.2,2.8,129924
CA-2014-129924,7/12/2014,7/17/2014,Standard Class,AC-10420,FUR-TA-10004575,698.35,3,0.2,-17.46,129924
CA-2015-128167,6/22/2015,6/26/2015,Second Class,KL-16645,OFF-FA-10000490,4.96,4,0,2.33,128167
CA-2014-122336,4/13/2014,4/17/2014,Second Class,JD-15895,OFF-AR-10000122,17.86,4,0.2,1.12,122336
CA-2014-122336,4/13/2014,4/17/2014,Second Class,JD-15895,OFF-BI-10003656,509.97,10,0.7,-407.98,122336
CA-2014-122336,4/13/2014,4/17/2014,Second Class,JD-15895,OFF-FA-10002780,30.99,13,0.2,10.07,122336
CA-2014-122336,4/13/2014,4/17/2014,Second Class,JD-15895,TEC-PH-10000702,71.93,12,0.4,8.39,122336
US-2015-120712,12/20/2015,12/24/2015,Standard Class,CS-12130,OFF-ST-10000107,88.8,4,0.2,-2.22,120712
CA-2017-169901,6/15/2017,6/19/2017,Standard Class,CC-12550,TEC-PH-10002293,47.98,3,0.2,4.8,169901
CA-2017-134306,7/8/2017,7/12/2017,Standard Class,TD-20995,OFF-PA-10000249,24.56,2,0,11.54,134306
CA-2016-129714,9/1/2016,9/3/2016,First Class,AB-10060,TEC-AC-10000290,6.79,1,0,2.31,129714
CA-2016-129714,9/1/2016,9/3/2016,First Class,AB-10060,OFF-BI-10002160,3.05,1,0.2,1.07,129714
CA-2016-129714,9/1/2016,9/3/2016,First Class,AB-10060,OFF-PA-10001970,49.12,4,0,23.09,129714
CA-2016-129714,9/1/2016,9/3/2016,First Class,AB-10060,OFF-BI-10004995,4355.17,4,0.2,1415.43,129714
CA-2016-138520,4/8/2016,4/13/2016,Standard Class,JL-15505,FUR-BO-10002268,388.7,6,0.2,-4.86,138520
CA-2016-138520,4/8/2016,4/13/2016,Standard Class,JL-15505,OFF-EN-10001137,8.26,2,0,3.8,138520
CA-2016-138520,4/8/2016,4/13/2016,Standard Class,JL-15505,OFF-AR-10002399,17.04,4,0,6.99,138520
CA-2016-138520,4/8/2016,4/13/2016,Standard Class,JL-15505,OFF-PA-10002713,34.4,5,0,15.82,138520
CA-2016-130001,4/23/2016,4/28/2016,Standard Class,HK-14890,OFF-PA-10002666,36.24,5,0.2,11.32,130001
CA-2017-155698,3/8/2017,3/11/2017,First Class,VB-21745,OFF-AP-10001124,647.84,8,0,168.44,155698
CA-2017-155698,3/8/2017,3/11/2017,First Class,VB-21745,OFF-LA-10001158,20.7,2,0,9.94,155698
CA-2017-144904,9/25/2017,10/1/2017,Standard Class,KW-16435,FUR-CH-10000785,488.65,3,0.1,86.87,144904
CA-2017-144904,9/25/2017,10/1/2017,Standard Class,KW-16435,OFF-AR-10003732,5.56,2,0,1.45,144904
CA-2017-144904,9/25/2017,10/1/2017,Standard Class,KW-16435,FUR-FU-10000023,47.12,8,0,20.73,144904
CA-2016-155516,10/21/2016,10/21/2016,Same Day,MK-17905,OFF-BI-10002412,23.2,4,0,10.44,155516
CA-2016-155516,10/21/2016,10/21/2016,Same Day,MK-17905,OFF-SU-10001225,7.36,2,0,0.15,155516
CA-2016-155516,10/21/2016,10/21/2016,Same Day,MK-17905,OFF-ST-10002406,104.79,7,0,29.34,155516
CA-2016-155516,10/21/2016,10/21/2016,Same Day,MK-17905,FUR-BO-10002545,1043.92,4,0,271.42,155516
CA-2017-104745,5/29/2017,6/4/2017,Standard Class,GT-14755,OFF-ST-10002205,53.42,3,0.2,4.67,104745
US-2014-119137,7/23/2014,7/27/2014,Standard Class,AG-10900,OFF-BI-10001982,8.16,5,0.7,-5.71,119137
US-2014-119137,7/23/2014,7/27/2014,Standard Class,AG-10900,TEC-AC-10003911,1023.94,8,0.2,179.19,119137
US-2014-119137,7/23/2014,7/27/2014,Standard Class,AG-10900,OFF-AR-10000658,9.24,1,0.2,0.92,119137
US-2014-119137,7/23/2014,7/27/2014,Standard Class,AG-10900,TEC-AC-10002076,479.04,10,0.2,-29.94,119137
US-2017-134481,8/27/2017,9/1/2017,Standard Class,AR-10405,FUR-TA-10004915,1488.42,7,0.3,-297.68,134481
CA-2015-130792,4/28/2015,5/5/2015,Standard Class,RA-19915,OFF-AP-10000696,8.65,3,0.8,-20.33,130792
CA-2015-130792,4/28/2015,5/5/2015,Standard Class,RA-19915,OFF-ST-10003327,23.83,3,0.2,2.68,130792
CA-2015-130792,4/28/2015,5/5/2015,Standard Class,RA-19915,OFF-BI-10000309,12.18,4,0.8,-18.87,130792
CA-2016-134775,10/28/2016,10/29/2016,First Class,AS-10285,OFF-PA-10004734,50.96,7,0,25.48,134775
CA-2016-134775,10/28/2016,10/29/2016,First Class,AS-10285,OFF-BI-10002225,49.54,3,0.2,17.34,134775
CA-2015-125395,6/26/2015,6/29/2015,Second Class,LA-16780,TEC-AC-10004708,41.9,2,0,8.8,125395
US-2015-168935,11/27/2015,12/2/2015,Standard Class,DO-13435,FUR-TA-10000617,375.46,3,0.45,-157.01,168935
US-2015-168935,11/27/2015,12/2/2015,Standard Class,DO-13435,TEC-AC-10002335,83.98,3,0.2,-1.05,168935
CA-2015-122756,12/3/2015,12/7/2015,Standard Class,DK-13225,TEC-MA-10001681,482.34,4,0.7,-337.64,122756
CA-2015-122756,12/3/2015,12/7/2015,Standard Class,DK-13225,FUR-FU-10001935,2.96,1,0.2,0.78,122756
CA-2014-115973,11/24/2014,11/26/2014,First Class,NG-18430,OFF-AR-10004757,2.62,1,0.2,0.43,115973
CA-2017-101798,12/11/2017,12/15/2017,Standard Class,MV-18190,OFF-BI-10000050,23.36,4,0.2,7.88,101798
CA-2017-101798,12/11/2017,12/15/2017,Standard Class,MV-18190,TEC-AC-10001998,39.98,2,0,13.59,101798
US-2014-135972,9/21/2014,9/23/2014,Second Class,JG-15115,TEC-PH-10003012,246.38,2,0.2,27.72,135972
US-2014-135972,9/21/2014,9/23/2014,Second Class,JG-15115,TEC-CO-10002313,1799.97,3,0,701.99,135972
US-2014-134971,6/7/2014,6/10/2014,Second Class,BP-11095,OFF-BI-10003982,12.46,3,0.8,-20.56,134971
CA-2017-102946,6/30/2017,7/5/2017,Standard Class,VP-21730,OFF-BI-10004492,75.79,3,0.2,25.58,102946
CA-2017-165603,10/17/2017,10/19/2017,Second Class,SS-20140,OFF-ST-10000798,49.96,2,0,9.49,165603
CA-2015-122259,10/31/2015,11/4/2015,Standard Class,HP-14815,OFF-SU-10002573,70.12,4,0,21.04,122259
CA-2016-108987,9/8/2016,9/10/2016,Second Class,AG-10675,OFF-ST-10001580,35.95,3,0.2,3.6,108987
CA-2016-108987,9/8/2016,9/10/2016,Second Class,AG-10675,FUR-BO-10004834,2396.27,4,0.32,-317.15,108987
CA-2016-108987,9/8/2016,9/10/2016,Second Class,AG-10675,OFF-ST-10000934,131.14,4,0.2,-32.78,108987
CA-2016-108987,9/8/2016,9/10/2016,Second Class,AG-10675,TEC-AC-10000158,57.58,2,0.2,0.72,108987
CA-2014-113166,12/24/2014,12/26/2014,First Class,LF-17185,OFF-PA-10001947,9.57,2,0.2,3.47,113166
CA-2014-155208,4/16/2014,4/20/2014,Standard Class,SP-20650,OFF-AR-10003478,39.07,6,0.2,9.77,155208
CA-2017-117933,12/24/2017,12/29/2017,Standard Class,RF-19840,OFF-AP-10004249,35.91,3,0,9.7,117933
CA-2017-117457,12/8/2017,12/12/2017,Standard Class,KH-16510,TEC-AC-10000158,179.95,5,0,37.79,117457
CA-2017-117457,12/8/2017,12/12/2017,Standard Class,KH-16510,TEC-CO-10004115,1199.98,3,0.2,434.99,117457
CA-2017-117457,12/8/2017,12/12/2017,Standard Class,KH-16510,OFF-PA-10003724,27.15,5,0,13.3,117457
CA-2017-117457,12/8/2017,12/12/2017,Standard Class,KH-16510,FUR-TA-10002041,1004.02,7,0.2,-112.95,117457
CA-2017-117457,12/8/2017,12/12/2017,Standard Class,KH-16510,OFF-PA-10002893,9.68,1,0,4.65,117457
CA-2017-117457,12/8/2017,12/12/2017,Standard Class,KH-16510,OFF-LA-10003766,28.35,9,0,13.61,117457
CA-2017-117457,12/8/2017,12/12/2017,Standard Class,KH-16510,OFF-PA-10001970,55.98,1,0,27.43,117457
CA-2017-117457,12/8/2017,12/12/2017,Standard Class,KH-16510,FUR-BO-10001972,1336.83,13,0.15,31.45,117457
CA-2017-117457,12/8/2017,12/12/2017,Standard Class,KH-16510,FUR-CH-10003956,113.57,2,0.2,-18.45,117457
CA-2017-142636,11/3/2017,11/7/2017,Standard Class,KC-16675,OFF-PA-10000157,139.86,7,0,65.73,142636
CA-2017-142636,11/3/2017,11/7/2017,Standard Class,KC-16675,FUR-CH-10001891,307.14,4,0.2,26.87,142636
CA-2017-122105,6/24/2017,6/28/2017,Standard Class,CJ-12010,OFF-AR-10004344,95.92,8,0,25.9,122105
CA-2016-148796,4/14/2016,4/18/2016,Standard Class,PB-19150,FUR-CH-10004886,383.8,5,0.2,38.38,148796
CA-2017-154816,11/6/2017,11/10/2017,Standard Class,VB-21745,OFF-PA-10003845,5.78,1,0,2.83,154816
CA-2017-110478,3/4/2017,3/9/2017,Standard Class,SP-20860,OFF-AR-10001573,9.32,4,0,2.7,110478
CA-2017-110478,3/4/2017,3/9/2017,Standard Class,SP-20860,OFF-EN-10000483,15.25,1,0,7.02,110478
CA-2014-142048,6/22/2014,6/25/2014,First Class,JE-15745,TEC-AC-10004114,196.75,6,0.2,56.57,142048
CA-2017-125388,10/19/2017,10/23/2017,Standard Class,MP-17965,FUR-FU-10004712,56.56,4,0,14.71,125388
CA-2017-125388,10/19/2017,10/23/2017,Standard Class,MP-17965,OFF-ST-10000918,32.7,3,0,8.5,125388
CA-2017-155705,8/21/2017,8/23/2017,Second Class,NF-18385,FUR-CH-10000015,866.4,4,0,225.26,155705
CA-2017-149160,11/23/2017,11/26/2017,Second Class,JM-15265,OFF-BI-10001543,287.92,8,0,138.2,149160
CA-2014-101476,9/12/2014,9/13/2014,First Class,SD-20485,TEC-MA-10000029,69.99,1,0,30.1,101476
CA-2017-152275,10/1/2017,10/8/2017,Standard Class,KH-16630,OFF-AR-10000369,6.67,6,0.2,0.5,152275
US-2016-123750,4/15/2016,4/21/2016,Standard Class,RB-19795,OFF-BI-10004584,189.59,2,0.7,-145.35,123750
US-2016-123750,4/15/2016,4/21/2016,Standard Class,RB-19795,TEC-AC-10004659,291.96,5,0.2,54.74,123750
US-2016-123750,4/15/2016,4/21/2016,Standard Class,RB-19795,OFF-ST-10000617,4.77,2,0.2,-0.77,123750
CA-2016-127369,6/6/2016,6/7/2016,First Class,DB-13060,OFF-ST-10003306,714.3,5,0,207.15,127369
US-2014-150574,12/19/2014,12/25/2014,Standard Class,MK-18160,OFF-BI-10000773,4.81,2,0.7,-3.69,150574
US-2014-150574,12/19/2014,12/25/2014,Standard Class,MK-18160,TEC-AC-10002600,247.8,5,0.2,-18.58,150574
CA-2016-147375,6/12/2016,6/14/2016,Second Class,PO-19180,TEC-MA-10002937,1007.98,3,0.3,43.2,147375
CA-2016-147375,6/12/2016,6/14/2016,Second Class,PO-19180,OFF-PA-10001970,313.49,7,0.2,113.64,147375
CA-2017-130043,9/15/2017,9/19/2017,Standard Class,BB-11545,OFF-PA-10002230,31.87,8,0.2,11.55,130043
CA-2017-157252,1/20/2017,1/23/2017,Second Class,CV-12805,FUR-CH-10003396,207.85,3,0.1,2.31,157252
CA-2016-115756,9/5/2016,9/7/2016,Second Class,PK-19075,FUR-FU-10000246,12.22,1,0,3.67,115756
CA-2016-115756,9/5/2016,9/7/2016,Second Class,PK-19075,OFF-ST-10000060,194.94,3,0,23.39,115756
CA-2016-115756,9/5/2016,9/7/2016,Second Class,PK-19075,OFF-ST-10003058,70.95,3,0,20.58,115756
CA-2016-115756,9/5/2016,9/7/2016,Second Class,PK-19075,OFF-PA-10002222,91.36,4,0,42.03,115756
CA-2016-115756,9/5/2016,9/7/2016,Second Class,PK-19075,FUR-CH-10002372,242.94,3,0,29.15,115756
CA-2016-115756,9/5/2016,9/7/2016,Second Class,PK-19075,OFF-LA-10001317,22.05,7,0,10.58,115756
CA-2017-154214,3/20/2017,3/25/2017,Second Class,TB-21595,FUR-FU-10000206,2.91,1,0,1.37,154214
CA-2016-166674,4/1/2016,4/3/2016,Second Class,RB-19360,OFF-AR-10000588,59.52,3,0,15.48,166674
CA-2016-166674,4/1/2016,4/3/2016,Second Class,RB-19360,OFF-ST-10001469,161.94,3,0,9.72,166674
CA-2016-166674,4/1/2016,4/3/2016,Second Class,RB-19360,OFF-AR-10001953,263.88,6,0,71.25,166674
CA-2016-166674,4/1/2016,4/3/2016,Second Class,RB-19360,OFF-AR-10003156,30.48,3,0,7.92,166674
CA-2016-166674,4/1/2016,4/3/2016,Second Class,RB-19360,TEC-PH-10002365,35.12,4,0,9.13,166674
CA-2017-147277,10/20/2017,10/24/2017,Standard Class,EB-13705,FUR-TA-10001539,284.36,2,0.4,-75.83,147277
CA-2017-147277,10/20/2017,10/24/2017,Standard Class,EB-13705,OFF-ST-10000142,665.41,2,0.2,66.54,147277
CA-2016-100153,12/13/2016,12/17/2016,Standard Class,KH-16630,TEC-AC-10001772,63.88,4,0,24.91,100153
US-2014-110674,2/12/2014,2/18/2014,Standard Class,SC-20095,FUR-CH-10000225,129.57,2,0.2,-24.29,110674
US-2016-157945,9/26/2016,10/1/2016,Standard Class,NF-18385,FUR-CH-10002331,747.56,3,0.3,-96.11,157945
US-2016-157945,9/26/2016,10/1/2016,Standard Class,NF-18385,OFF-EN-10001415,8.93,2,0.2,3.35,157945
CA-2015-109638,12/15/2015,12/22/2015,Standard Class,JH-15985,OFF-AP-10002472,103.92,4,0,36.37,109638
CA-2015-109638,12/15/2015,12/22/2015,Standard Class,JH-15985,TEC-AC-10004571,899.91,9,0,377.96,109638
CA-2016-109869,4/22/2016,4/29/2016,Standard Class,TN-21040,FUR-FU-10000023,23.56,5,0.2,7.07,109869
CA-2016-109869,4/22/2016,4/29/2016,Standard Class,TN-21040,FUR-TA-10001889,1272.63,6,0.5,-814.48,109869
CA-2016-109869,4/22/2016,4/29/2016,Standard Class,TN-21040,OFF-BI-10000315,28.48,5,0.7,-20.89,109869
CA-2016-109869,4/22/2016,4/29/2016,Standard Class,TN-21040,OFF-SU-10003505,185.38,2,0.2,-34.76,109869
CA-2016-109869,4/22/2016,4/29/2016,Standard Class,TN-21040,OFF-AP-10002578,78.27,2,0.2,5.87,109869
US-2015-101399,1/17/2015,1/24/2015,Standard Class,JS-15940,FUR-FU-10002918,254.74,7,0.6,-312.06,101399
CA-2017-154907,3/31/2017,4/4/2017,Standard Class,DS-13180,FUR-BO-10002824,205.33,2,0.32,-36.24,154907
US-2016-100419,12/16/2016,12/20/2016,Second Class,CC-12670,OFF-BI-10002194,4.79,3,0.8,-7.9,100419
CA-2015-154144,12/20/2015,12/24/2015,Standard Class,MH-17785,OFF-PA-10004071,55.48,1,0,26.63,154144
CA-2014-144666,11/9/2014,11/11/2014,Second Class,JP-15520,OFF-ST-10002743,340.92,3,0,3.41,144666
CA-2014-144666,11/9/2014,11/11/2014,Second Class,JP-15520,FUR-BO-10001601,222.67,2,0.15,10.48,144666
CA-2014-144666,11/9/2014,11/11/2014,Second Class,JP-15520,TEC-PH-10002680,703.97,4,0.2,88,144666
CA-2014-144666,11/9/2014,11/11/2014,Second Class,JP-15520,OFF-ST-10001321,92.52,6,0,24.98,144666
CA-2014-144666,11/9/2014,11/11/2014,Second Class,JP-15520,OFF-PA-10001509,62.65,7,0,28.82,144666
CA-2014-144666,11/9/2014,11/11/2014,Second Class,JP-15520,OFF-PA-10003465,94.85,5,0,45.53,144666
CA-2016-103891,7/12/2016,7/19/2016,Standard Class,KH-16690,TEC-PH-10000149,95.76,6,0.2,7.18,103891
CA-2016-152632,10/27/2016,11/2/2016,Standard Class,JE-15475,FUR-FU-10002671,40.2,3,0,19.3,152632
CA-2016-100790,6/26/2016,7/2/2016,Standard Class,JG-15805,OFF-AR-10003045,14.7,5,0,6.62,100790
CA-2016-100790,6/26/2016,7/2/2016,Standard Class,JG-15805,OFF-ST-10000689,704.25,5,0,84.51,100790
CA-2014-134677,10/6/2014,10/10/2014,Standard Class,XP-21865,TEC-AC-10001445,9.09,3,0,1.91,134677
CA-2014-127691,7/22/2014,7/27/2014,Standard Class,EM-14065,OFF-AR-10002053,5.96,2,0,1.67,127691
CA-2014-127691,7/22/2014,7/27/2014,Standard Class,EM-14065,TEC-AC-10002567,159.98,2,0,57.59,127691
CA-2017-140963,6/10/2017,6/13/2017,First Class,MT-18070,OFF-LA-10003923,29.6,2,0,14.8,140963
CA-2017-140963,6/10/2017,6/13/2017,First Class,MT-18070,FUR-BO-10001337,514.16,5,0.15,-30.24,140963
CA-2017-140963,6/10/2017,6/13/2017,First Class,MT-18070,TEC-PH-10001924,279.96,5,0.2,17.5,140963
CA-2014-154627,10/29/2014,10/31/2014,First Class,SA-20830,TEC-PH-10001363,2735.95,6,0.2,341.99,154627
CA-2014-133753,6/9/2014,6/13/2014,Second Class,CW-11905,TEC-PH-10000376,7.99,1,0.2,0.6,133753
CA-2014-133753,6/9/2014,6/13/2014,Second Class,CW-11905,TEC-AC-10000303,63.98,2,0.2,10.4,133753
CA-2014-133753,6/9/2014,6/13/2014,Second Class,CW-11905,OFF-AR-10001953,70.37,2,0.2,6.16,133753
CA-2014-113362,9/14/2014,9/19/2014,Standard Class,AJ-10960,OFF-ST-10001809,449.15,5,0,8.98,113362
CA-2014-113362,9/14/2014,9/19/2014,Standard Class,AJ-10960,OFF-EN-10003845,11.07,3,0,5.09,113362
CA-2016-169166,5/9/2016,5/14/2016,Standard Class,SS-20590,TEC-AC-10000991,93.98,2,0,13.16,169166
US-2016-120929,3/18/2016,3/21/2016,Second Class,RO-19780,FUR-TA-10001857,189.88,3,0.4,-94.94,120929
CA-2015-134782,12/27/2015,12/31/2015,Standard Class,MD-17350,OFF-EN-10001434,105.42,2,0,51.66,134782
CA-2016-126158,7/25/2016,7/31/2016,Standard Class,SC-20095,OFF-BI-10002498,119.62,8,0.2,40.37,126158
CA-2016-126158,7/25/2016,7/31/2016,Standard Class,SC-20095,FUR-FU-10004864,255.76,4,0,81.84,126158
CA-2016-126158,7/25/2016,7/31/2016,Standard Class,SC-20095,FUR-CH-10002602,241.57,2,0.2,18.12,126158
CA-2016-126158,7/25/2016,7/31/2016,Standard Class,SC-20095,FUR-FU-10000073,69.3,9,0,22.87,126158
US-2016-105578,5/30/2016,6/4/2016,Standard Class,MY-17380,OFF-BI-10001670,22.62,2,0.7,-15.08,105578
US-2016-105578,5/30/2016,6/4/2016,Standard Class,MY-17380,OFF-BI-10001658,14.95,2,0.7,-11.96,105578
US-2016-105578,5/30/2016,6/4/2016,Standard Class,MY-17380,FUR-CH-10001215,801.57,2,0.2,50.1,105578
US-2016-105578,5/30/2016,6/4/2016,Standard Class,MY-17380,OFF-BI-10000831,2.38,3,0.7,-1.9,105578
US-2016-105578,5/30/2016,6/4/2016,Standard Class,MY-17380,OFF-PA-10000357,32.79,1,0.2,11.89,105578
CA-2015-145352,3/16/2015,3/22/2015,Standard Class,CM-12385,OFF-AR-10001662,2.74,1,0,0.74,145352
CA-2015-145352,3/16/2015,3/22/2015,Standard Class,CM-12385,OFF-AR-10003856,8.34,3,0,2.17,145352
CA-2015-145352,3/16/2015,3/22/2015,Standard Class,CM-12385,OFF-ST-10001228,46.74,3,0,11.68,145352
CA-2015-145352,3/16/2015,3/22/2015,Standard Class,CM-12385,OFF-BI-10003527,6354.95,5,0,3177.48,145352
CA-2017-135307,11/26/2017,11/27/2017,First Class,LS-17245,FUR-FU-10001290,126.3,3,0,40.42,135307
CA-2017-135307,11/26/2017,11/27/2017,First Class,LS-17245,TEC-AC-10002399,38.04,2,0,12.17,135307
CA-2016-106341,10/20/2016,10/23/2016,First Class,LF-17185,OFF-AR-10002053,7.15,3,0.2,0.72,106341
CA-2017-163405,12/21/2017,12/25/2017,Standard Class,BN-11515,OFF-AR-10001246,5.88,2,0,1.71,163405
CA-2017-127432,1/22/2017,1/27/2017,Standard Class,AD-10180,TEC-CO-10003236,2999.95,5,0,1379.98,127432
CA-2017-127432,1/22/2017,1/27/2017,Standard Class,AD-10180,OFF-ST-10004507,51.45,3,0,13.89,127432
CA-2017-127432,1/22/2017,1/27/2017,Standard Class,AD-10180,OFF-PA-10001667,11.96,2,0,5.38,127432
CA-2017-127432,1/22/2017,1/27/2017,Standard Class,AD-10180,OFF-ST-10004459,1126.02,3,0,56.3,127432
CA-2015-157812,3/22/2015,3/26/2015,Standard Class,DB-13210,TEC-AC-10000171,18.39,1,0.2,5.29,157812
CA-2015-157812,3/22/2015,3/26/2015,Standard Class,DB-13210,OFF-BI-10000285,14.11,9,0.8,-21.17,157812
CA-2017-145142,1/23/2017,1/25/2017,First Class,MC-17605,FUR-TA-10001857,210.98,2,0,21.1,145142
US-2016-139486,5/21/2016,5/23/2016,First Class,LH-17155,TEC-PH-10003555,55.18,3,0.2,-12.41,139486
US-2016-139486,5/21/2016,5/23/2016,First Class,LH-17155,TEC-AC-10003832,66.26,2,0,27.17,139486
CA-2015-158792,12/26/2015,1/2/2016,Standard Class,BD-11605,OFF-FA-10002815,22.2,5,0,10.43,158792
CA-2017-113558,10/21/2017,10/26/2017,Standard Class,PH-18790,FUR-CH-10003379,683.95,3,0.2,42.75,113558
CA-2017-113558,10/21/2017,10/26/2017,Standard Class,PH-18790,FUR-FU-10001756,45.7,3,0.2,5.14,113558
US-2015-138303,9/3/2015,9/7/2015,Standard Class,MG-18145,OFF-ST-10004963,36.34,3,0.2,-7.27,138303
US-2015-138303,9/3/2015,9/7/2015,Standard Class,MG-18145,OFF-SU-10002881,666.25,1,0.2,-149.91,138303
US-2015-138303,9/3/2015,9/7/2015,Standard Class,MG-18145,OFF-EN-10001335,52.51,6,0.2,19.69,138303
CA-2015-102848,11/7/2015,11/9/2015,Second Class,KB-16240,FUR-CH-10000595,190.72,1,0.2,11.92,102848
US-2017-129441,9/7/2017,9/11/2017,Standard Class,JC-15340,FUR-FU-10000448,47.94,3,0,2.4,129441
CA-2016-168753,5/29/2016,6/1/2016,Second Class,RL-19615,TEC-PH-10000984,979.95,5,0,274.39,168753
CA-2016-168753,5/29/2016,6/1/2016,Second Class,RL-19615,OFF-BI-10002557,22.75,5,0,11.38,168753
CA-2016-126613,7/10/2016,7/16/2016,Standard Class,AA-10375,OFF-ST-10001325,16.77,2,0.2,1.47,126613
US-2017-122637,9/3/2017,9/8/2017,Second Class,EP-13915,OFF-BI-10002429,42.62,7,0.8,-68.19,122637
CA-2015-147851,12/3/2015,12/8/2015,Standard Class,MP-17470,OFF-BI-10004528,10.75,4,0.2,3.36,147851
CA-2015-134894,12/7/2015,12/11/2015,Standard Class,DK-12985,OFF-AP-10001271,152.94,3,0,41.29,134894
CA-2015-134894,12/7/2015,12/11/2015,Standard Class,DK-12985,FUR-CH-10002647,283.92,4,0,70.98,134894
CA-2014-140795,2/1/2014,2/3/2014,First Class,BD-11500,TEC-AC-10001432,468.9,6,0,206.32,140795
CA-2016-136924,7/14/2016,7/17/2016,First Class,ES-14080,TEC-PH-10002262,380.86,8,0.2,38.09,136924
US-2015-120161,12/18/2015,12/23/2015,Standard Class,LM-17065,OFF-ST-10001809,646.78,9,0.2,-145.52,120161
CA-2014-103849,5/11/2014,5/16/2014,Standard Class,PG-18895,TEC-AC-10001465,58.11,2,0.2,7.26,103849
CA-2014-103849,5/11/2014,5/16/2014,Standard Class,PG-18895,TEC-PH-10002597,100.79,1,0.2,6.3,103849
CA-2014-103849,5/11/2014,5/16/2014,Standard Class,PG-18895,FUR-FU-10000723,66.11,4,0.6,-84.29,103849
CA-2017-162929,11/19/2017,11/22/2017,First Class,AS-10135,OFF-BI-10000404,41.28,6,0.2,13.93,162929
CA-2017-162929,11/19/2017,11/22/2017,First Class,AS-10135,OFF-PA-10002986,13.36,2,0,6.41,162929
CA-2015-113173,11/15/2015,11/17/2015,Second Class,DK-13225,OFF-ST-10000604,250.27,9,0.2,15.64,113173
CA-2015-113173,11/15/2015,11/17/2015,Second Class,DK-13225,OFF-BI-10004738,11.36,3,0.8,-17.05,113173
CA-2015-113173,11/15/2015,11/17/2015,Second Class,DK-13225,OFF-SU-10001935,8.72,5,0.2,-1.74,113173
CA-2016-136406,4/15/2016,4/17/2016,Second Class,BD-11320,FUR-CH-10002024,1121.57,2,0.2,0,136406
CA-2017-112774,9/11/2017,9/12/2017,First Class,RC-19960,FUR-FU-10003039,34.5,1,0.2,6.04,112774
CA-2017-101945,11/24/2017,11/28/2017,Standard Class,GT-14710,OFF-FA-10004248,10.82,3,0.2,2.57,101945
CA-2017-100650,6/29/2017,7/3/2017,Second Class,DK-13225,OFF-ST-10001780,1295.78,2,0,310.99,100650
CA-2014-155852,3/3/2014,3/7/2014,Second Class,AJ-10945,OFF-AR-10003560,19.46,4,0.2,3.4,155852
CA-2016-113243,6/10/2016,6/15/2016,Standard Class,OT-18730,FUR-TA-10004256,1335.68,4,0.2,-217.05,113243
CA-2017-118731,11/20/2017,11/22/2017,Second Class,LP-17080,FUR-FU-10003347,42.6,3,0,16.61,118731
CA-2017-118731,11/20/2017,11/22/2017,Second Class,LP-17080,OFF-BI-10000069,84.06,7,0.2,27.32,118731
CA-2014-145576,9/14/2014,9/18/2014,Second Class,CA-12775,OFF-AP-10003914,13,5,0.2,1.3,145576
CA-2014-145576,9/14/2014,9/18/2014,Second Class,CA-12775,FUR-FU-10004020,13.13,3,0.2,3.77,145576
CA-2015-130736,12/7/2015,12/9/2015,First Class,JF-15490,OFF-FA-10003467,3.96,2,0,0,130736
CA-2015-130736,12/7/2015,12/9/2015,First Class,JF-15490,OFF-LA-10000634,2.61,1,0,1.2,130736
CA-2017-137099,12/7/2017,12/10/2017,First Class,FP-14320,TEC-PH-10002496,374.38,3,0.2,46.8,137099
CA-2017-156951,10/1/2017,10/8/2017,Standard Class,EB-13840,OFF-PA-10004530,91.84,8,0,45,156951
CA-2017-156951,10/1/2017,10/8/2017,Standard Class,EB-13840,OFF-BI-10001107,81.09,7,0.2,27.37,156951
CA-2017-156951,10/1/2017,10/8/2017,Standard Class,EB-13840,OFF-PA-10004451,19.44,3,0,9.33,156951
CA-2017-156951,10/1/2017,10/8/2017,Standard Class,EB-13840,FUR-CH-10004997,451.15,3,0.2,0,156951
CA-2017-164826,12/28/2017,1/4/2018,Standard Class,JF-15415,OFF-LA-10001297,72.45,7,0,34.78,164826
CA-2017-164826,12/28/2017,1/4/2018,Standard Class,JF-15415,OFF-FA-10000585,13.96,4,0,6.42,164826
CA-2017-164826,12/28/2017,1/4/2018,Standard Class,JF-15415,OFF-BI-10001922,33.26,7,0.2,11.23,164826
CA-2017-164826,12/28/2017,1/4/2018,Standard Class,JF-15415,TEC-PH-10000347,14.85,3,0,4.01,164826
CA-2015-149713,9/18/2015,9/22/2015,Second Class,TG-21640,OFF-PA-10004530,160.72,14,0,78.75,149713
CA-2015-149713,9/18/2015,9/22/2015,Second Class,TG-21640,OFF-PA-10001450,19.92,4,0,9.76,149713
CA-2015-149713,9/18/2015,9/22/2015,Second Class,TG-21640,OFF-SU-10001574,7.3,2,0,2.19,149713
CA-2017-118640,7/20/2017,7/26/2017,Standard Class,CS-11950,OFF-ST-10002974,69.71,2,0.2,8.71,118640
CA-2017-118640,7/20/2017,7/26/2017,Standard Class,CS-11950,FUR-FU-10001475,8.79,1,0.6,-5.71,118640
CA-2015-132906,9/10/2015,9/14/2015,Standard Class,CC-12145,OFF-SU-10004498,51.52,4,0,1.55,132906
CA-2017-145233,12/1/2017,12/5/2017,Standard Class,DV-13465,TEC-PH-10004977,470.38,3,0.2,52.92,145233
CA-2017-145233,12/1/2017,12/5/2017,Standard Class,DV-13465,TEC-PH-10000586,105.58,2,0.2,9.24,145233
CA-2017-145233,12/1/2017,12/5/2017,Standard Class,DV-13465,OFF-AP-10000358,31.15,3,0.2,3.5,145233
CA-2017-145233,12/1/2017,12/5/2017,Standard Class,DV-13465,OFF-BI-10002764,6.78,7,0.7,-4.75,145233
CA-2017-145233,12/1/2017,12/5/2017,Standard Class,DV-13465,TEC-PH-10001254,406.37,4,0.2,30.48,145233
CA-2015-128139,7/3/2015,7/9/2015,Standard Class,BD-11725,FUR-CH-10003956,70.98,1,0,4.97,128139
CA-2015-128139,7/3/2015,7/9/2015,Standard Class,BD-11725,OFF-LA-10003930,294.93,3,0,144.52,128139
US-2016-156986,3/20/2016,3/24/2016,Standard Class,ZC-21910,TEC-PH-10003800,84.78,2,0.2,-20.14,156986
US-2016-156986,3/20/2016,3/24/2016,Standard Class,ZC-21910,OFF-PA-10002005,20.74,4,0.2,7.26,156986
US-2016-156986,3/20/2016,3/24/2016,Standard Class,ZC-21910,OFF-BI-10002498,16.82,3,0.7,-12.9,156986
US-2016-156986,3/20/2016,3/24/2016,Standard Class,ZC-21910,OFF-PA-10004101,10.37,2,0.2,3.63,156986
CA-2014-135405,1/9/2014,1/13/2014,Standard Class,MS-17830,OFF-AR-10004078,9.34,2,0.2,1.17,135405
CA-2014-135405,1/9/2014,1/13/2014,Standard Class,MS-17830,TEC-AC-10001266,31.2,3,0.2,9.75,135405
CA-2014-131450,8/8/2014,8/15/2014,Standard Class,LR-16915,OFF-AP-10004708,76.12,2,0,22.07,131450
CA-2014-131450,8/8/2014,8/15/2014,Standard Class,LR-16915,TEC-PH-10002398,445.96,5,0.2,55.74,131450
CA-2014-131450,8/8/2014,8/15/2014,Standard Class,LR-16915,FUR-FU-10001979,327.76,8,0,91.77,131450
CA-2016-120180,7/14/2016,7/16/2016,First Class,TP-21130,OFF-SU-10004115,11.63,2,0.2,1.02,120180
US-2016-100720,7/16/2016,7/21/2016,Standard Class,CK-12205,TEC-PH-10001425,143.98,3,0.4,-28.8,100720
US-2016-100720,7/16/2016,7/21/2016,Standard Class,CK-12205,TEC-PH-10003963,494.38,4,0.4,-115.35,100720
US-2016-100720,7/16/2016,7/21/2016,Standard Class,CK-12205,OFF-SU-10001574,5.84,2,0.2,0.73,100720
CA-2014-149958,3/15/2014,3/19/2014,Standard Class,AS-10240,OFF-ST-10001490,142.78,1,0.2,17.85,149958
CA-2014-149958,3/15/2014,3/19/2014,Standard Class,AS-10240,OFF-BI-10000773,7.22,3,0.7,-5.53,149958
CA-2014-149958,3/15/2014,3/19/2014,Standard Class,AS-10240,OFF-BI-10001543,43.19,4,0.7,-31.67,149958
CA-2014-149958,3/15/2014,3/19/2014,Standard Class,AS-10240,OFF-PA-10002120,131.9,3,0.2,47.82,149958
US-2014-105767,5/23/2014,5/27/2014,Standard Class,AR-10510,OFF-BI-10000848,3.28,2,0.7,-2.63,105767
US-2014-105767,5/23/2014,5/27/2014,Standard Class,AR-10510,OFF-AR-10001246,21.17,9,0.2,2.38,105767
US-2014-105767,5/23/2014,5/27/2014,Standard Class,AR-10510,TEC-PH-10003092,55.19,2,0.4,-10.12,105767
CA-2016-161816,4/28/2016,5/1/2016,First Class,NB-18655,TEC-PH-10003012,369.58,3,0.2,41.58,161816
CA-2016-161816,4/28/2016,5/1/2016,First Class,NB-18655,OFF-LA-10004345,15.71,4,0.2,5.7,161816
CA-2016-121223,9/11/2016,9/13/2016,Second Class,GD-14590,OFF-PA-10001204,8.45,2,0.2,2.64,121223
CA-2016-121223,9/11/2016,9/13/2016,Second Class,GD-14590,TEC-PH-10004667,728.95,9,0.4,-157.94,121223
CA-2017-138611,11/14/2017,11/17/2017,Second Class,CK-12595,TEC-PH-10000011,119.94,10,0.4,15.99,138611
CA-2017-138611,11/14/2017,11/17/2017,Second Class,CK-12595,OFF-BI-10002949,3.65,2,0.7,-2.8,138611
CA-2017-117947,8/18/2017,8/23/2017,Second Class,NG-18355,FUR-FU-10003849,40.48,2,0,15.79,117947
CA-2017-117947,8/18/2017,8/23/2017,Second Class,NG-18355,FUR-FU-10000010,9.94,2,0,3.08,117947
CA-2017-117947,8/18/2017,8/23/2017,Second Class,NG-18355,OFF-BI-10002824,107.42,9,0.2,33.57,117947
CA-2017-117947,8/18/2017,8/23/2017,Second Class,NG-18355,TEC-PH-10002538,37.91,1,0,10.99,117947
CA-2017-117947,8/18/2017,8/23/2017,Second Class,NG-18355,FUR-FU-10000521,88.02,3,0,27.29,117947
US-2014-111171,12/26/2014,12/31/2014,Standard Class,CA-12265,OFF-BI-10002103,8.69,5,0.8,-14.77,111171
CA-2015-138009,11/29/2015,12/3/2015,Standard Class,SF-20965,OFF-AP-10000179,555.21,5,0.1,178.9,138009
CA-2015-138009,11/29/2015,12/3/2015,Standard Class,SF-20965,OFF-ST-10001272,523.48,4,0,130.87,138009
CA-2015-138009,11/29/2015,12/3/2015,Standard Class,SF-20965,OFF-AR-10004042,161.82,9,0,46.93,138009
CA-2017-163020,9/15/2017,9/19/2017,Standard Class,MO-17800,FUR-FU-10000221,35.56,7,0,12.09,163020
CA-2017-153787,5/19/2017,5/23/2017,Standard Class,AT-10735,OFF-AP-10001563,97.16,2,0,28.18,153787
CA-2017-133431,12/17/2017,12/21/2017,Standard Class,LC-17140,OFF-BI-10000605,15.24,5,0.2,5.14,133431
CA-2017-133431,12/17/2017,12/21/2017,Standard Class,LC-17140,OFF-PA-10002615,13.23,3,0,6.09,133431
US-2016-135720,12/11/2016,12/13/2016,Second Class,FM-14380,OFF-ST-10001963,243.38,3,0.2,-51.72,135720
US-2016-135720,12/11/2016,12/13/2016,Second Class,FM-14380,TEC-AC-10001267,119.8,5,0.2,29.95,135720
US-2016-135720,12/11/2016,12/13/2016,Second Class,FM-14380,TEC-PH-10002103,300.77,4,0.2,30.08,135720
CA-2017-144694,9/24/2017,9/26/2017,Second Class,BD-11605,TEC-AC-10002857,17.88,3,0.2,2.46,144694
CA-2017-144694,9/24/2017,9/26/2017,Second Class,BD-11605,OFF-LA-10003930,235.94,3,0.2,85.53,144694
CA-2015-168004,10/4/2015,10/9/2015,Second Class,DJ-13420,FUR-CH-10001482,392.94,3,0,43.22,168004
US-2016-123470,8/15/2016,8/21/2016,Standard Class,ME-17725,OFF-BI-10001989,18.88,3,0.7,-13.85,123470
US-2016-123470,8/15/2016,8/21/2016,Standard Class,ME-17725,OFF-AP-10003287,122.33,3,0.2,12.23,123470
CA-2016-115917,5/20/2016,5/25/2016,Standard Class,RB-19465,FUR-FU-10000576,1049.2,5,0,272.79,115917
CA-2016-115917,5/20/2016,5/25/2016,Standard Class,RB-19465,OFF-BI-10004728,15.42,4,0.2,5.01,115917
CA-2016-147067,12/18/2016,12/22/2016,Standard Class,JD-16150,FUR-FU-10000732,18.84,3,0,6.03,147067
CA-2017-167913,7/30/2017,8/3/2017,Second Class,JL-15835,OFF-ST-10000585,330.4,2,0,85.9,167913
CA-2017-167913,7/30/2017,8/3/2017,Second Class,JL-15835,OFF-LA-10002787,26.25,7,0,12.6,167913
CA-2017-106103,6/10/2017,6/15/2017,Standard Class,SC-20305,TEC-AC-10003832,132.52,4,0,54.33,106103
CA-2017-126221,12/30/2017,1/5/2018,Standard Class,CC-12430,OFF-AP-10002457,209.3,2,0,56.51,126221
CA-2016-103947,4/1/2016,4/8/2016,Standard Class,BB-10990,OFF-FA-10003112,31.56,5,0.2,9.86,103947
CA-2016-103947,4/1/2016,4/8/2016,Standard Class,BB-10990,OFF-AP-10002350,30.14,2,0.2,3.01,103947
CA-2016-160745,12/11/2016,12/16/2016,Second Class,AR-10825,FUR-FU-10001935,14.8,4,0,6.07,160745
CA-2016-160745,12/11/2016,12/16/2016,Second Class,AR-10825,TEC-AC-10001142,316,4,0,31.6,160745
CA-2016-132661,10/23/2016,10/29/2016,Standard Class,SR-20740,OFF-PA-10000482,379.4,10,0,178.32,132661
CA-2017-140844,6/19/2017,6/23/2017,Standard Class,AR-10405,OFF-PA-10003892,97.82,2,0,45.98,140844
CA-2017-140844,6/19/2017,6/23/2017,Standard Class,AR-10405,TEC-AC-10001101,103.12,8,0,10.31,140844
CA-2016-137239,8/22/2016,8/28/2016,Standard Class,CR-12730,OFF-AP-10002439,113.55,2,0.2,8.52,137239
CA-2016-137239,8/22/2016,8/28/2016,Standard Class,CR-12730,OFF-BI-10002827,3.32,2,0.7,-2.65,137239
CA-2016-137239,8/22/2016,8/28/2016,Standard Class,CR-12730,OFF-EN-10002230,134.29,2,0.2,45.32,137239
US-2016-156097,9/19/2016,9/19/2016,Same Day,EH-14125,FUR-CH-10001215,701.37,2,0.3,-50.1,156097
US-2016-156097,9/19/2016,9/19/2016,Same Day,EH-14125,OFF-BI-10004654,2.31,2,0.8,-3.46,156097
CA-2015-146563,8/24/2015,8/28/2015,Standard Class,CB-12025,OFF-ST-10001490,999.43,7,0.2,124.93,146563
CA-2015-146563,8/24/2015,8/28/2015,Standard Class,CB-12025,OFF-ST-10001511,724.08,14,0.2,-135.76,146563
CA-2015-146563,8/24/2015,8/28/2015,Standard Class,CB-12025,FUR-TA-10001768,918.78,5,0.3,-118.13,146563
CA-2015-146563,8/24/2015,8/28/2015,Standard Class,CB-12025,OFF-BI-10003981,2.72,3,0.8,-4.22,146563
CA-2016-123666,3/26/2016,3/30/2016,Standard Class,SP-20545,OFF-ST-10001522,459.95,5,0,18.4,123666
CA-2016-143308,11/4/2016,11/4/2016,Same Day,RC-19825,OFF-FA-10000621,10.74,3,0,5.26,143308
CA-2017-132682,6/8/2017,6/10/2017,Second Class,TH-21235,OFF-SU-10004231,23.76,3,0.2,2.08,132682
CA-2017-132682,6/8/2017,6/10/2017,Second Class,TH-21235,OFF-PA-10000474,85.06,3,0.2,28.71,132682
CA-2017-132682,6/8/2017,6/10/2017,Second Class,TH-21235,TEC-PH-10004042,381.58,3,0.2,28.62,132682
CA-2014-156314,12/24/2014,12/26/2014,First Class,RP-19390,FUR-FU-10003096,30.36,5,0.2,8.73,156314
US-2017-106663,6/9/2017,6/13/2017,Standard Class,MO-17800,FUR-TA-10000688,108.92,1,0.5,-71.89,106663
US-2017-106663,6/9/2017,6/13/2017,Standard Class,MO-17800,OFF-PA-10002377,36.35,8,0.2,11.36,106663
CA-2017-111178,6/15/2017,6/22/2017,Standard Class,TD-20995,OFF-AR-10001954,19.56,5,0.2,1.71,111178
CA-2017-130351,12/5/2017,12/8/2017,First Class,RB-19570,OFF-AP-10004532,61.44,3,0,16.59,130351
CA-2017-130351,12/5/2017,12/8/2017,First Class,RB-19570,OFF-PA-10002137,38.9,5,0,17.5,130351
CA-2017-130351,12/5/2017,12/8/2017,First Class,RB-19570,TEC-AC-10003832,99.39,3,0,40.75,130351
US-2017-119438,3/18/2017,3/23/2017,Standard Class,CD-11980,OFF-AP-10000804,2.69,3,0.8,-7.39,119438
US-2017-119438,3/18/2017,3/23/2017,Standard Class,CD-11980,TEC-AC-10003614,27.82,3,0.2,4.52,119438
US-2017-119438,3/18/2017,3/23/2017,Standard Class,CD-11980,FUR-FU-10003553,82.52,3,0.6,-41.26,119438
US-2017-119438,3/18/2017,3/23/2017,Standard Class,CD-11980,OFF-BI-10004632,182.99,3,0.8,-320.24,119438
CA-2016-164511,11/19/2016,11/24/2016,Standard Class,DJ-13630,OFF-BI-10003305,14.35,3,0.2,4.66,164511
CA-2016-164511,11/19/2016,11/24/2016,Standard Class,DJ-13630,OFF-ST-10002583,64.96,2,0,2.6,164511
CA-2016-164511,11/19/2016,11/24/2016,Standard Class,DJ-13630,OFF-ST-10004507,68.6,4,0,18.52,164511
US-2017-168116,11/4/2017,11/4/2017,Same Day,GT-14635,TEC-MA-10004125,7999.98,4,0.5,-3839.99,168116
US-2017-168116,11/4/2017,11/4/2017,Same Day,GT-14635,OFF-AP-10002457,167.44,2,0.2,14.65,168116
CA-2014-157784,7/5/2014,7/8/2014,First Class,MC-17845,TEC-AC-10003911,479.97,3,0,163.19,157784
CA-2017-161480,12/25/2017,12/29/2017,Standard Class,RA-19285,FUR-BO-10004015,191.98,2,0.2,4.8,161480
US-2014-117135,6/21/2014,6/23/2014,Second Class,NP-18325,FUR-FU-10004071,104.01,1,0,14.56,117135
US-2014-117135,6/21/2014,6/23/2014,Second Class,NP-18325,TEC-PH-10002033,284.82,1,0,74.05,117135
US-2014-117135,6/21/2014,6/23/2014,Second Class,NP-18325,OFF-ST-10002444,36.84,3,0,10.32,117135
CA-2015-131534,3/28/2015,4/2/2015,Standard Class,AB-10165,TEC-AC-10002253,166.24,1,0,24.94,131534
CA-2015-131534,3/28/2015,4/2/2015,Standard Class,AB-10165,OFF-PA-10000743,33.4,5,0,16.03,131534
CA-2015-119291,5/14/2015,5/17/2015,First Class,JO-15550,OFF-AR-10003373,198.27,8,0.2,17.35,119291
CA-2015-119291,5/14/2015,5/17/2015,First Class,JO-15550,OFF-LA-10002312,47.36,4,0.2,17.76,119291
CA-2015-119291,5/14/2015,5/17/2015,First Class,JO-15550,OFF-LA-10003510,97.7,4,0.2,31.75,119291
CA-2015-119291,5/14/2015,5/17/2015,First Class,JO-15550,OFF-AR-10001118,2.7,1,0.2,0.81,119291
CA-2015-119291,5/14/2015,5/17/2015,First Class,JO-15550,OFF-BI-10001575,18.59,2,0.7,-13.63,119291
CA-2017-114552,9/2/2017,9/8/2017,Standard Class,Dl-13600,FUR-FU-10002960,15.07,3,0.2,4.14,114552
CA-2016-163755,11/4/2016,11/8/2016,Second Class,AS-10285,FUR-FU-10003394,209.88,3,0,35.68,163755
CA-2015-142027,4/9/2015,4/14/2015,Standard Class,JK-15370,FUR-TA-10002774,369.91,3,0.2,-13.87,142027
CA-2014-138527,9/12/2014,9/17/2014,Standard Class,BN-11470,OFF-AP-10001469,166.84,5,0.2,18.77,138527
CA-2014-138527,9/12/2014,9/17/2014,Standard Class,BN-11470,TEC-AC-10002399,15.22,1,0.2,2.28,138527
CA-2014-112158,12/2/2014,12/4/2014,First Class,DP-13165,TEC-AC-10003628,119.96,4,0,52.78,112158
CA-2014-112158,12/2/2014,12/4/2014,First Class,DP-13165,FUR-BO-10003272,883.92,5,0.2,-110.49,112158
CA-2014-112158,12/2/2014,12/4/2014,First Class,DP-13165,OFF-BI-10000050,46.72,8,0.2,15.77,112158
CA-2017-146136,9/3/2017,9/7/2017,Standard Class,AP-10915,OFF-EN-10001219,24.45,4,0.2,8.86,146136
US-2017-100048,5/19/2017,5/24/2017,Standard Class,RS-19765,OFF-AP-10001154,281.34,6,0,109.72,100048
US-2017-100048,5/19/2017,5/24/2017,Standard Class,RS-19765,TEC-PH-10003012,307.98,2,0,89.31,100048
US-2017-100048,5/19/2017,5/24/2017,Standard Class,RS-19765,TEC-AC-10001606,299.97,3,0,113.99,100048
CA-2017-108910,9/24/2017,9/29/2017,Standard Class,KC-16540,FUR-FU-10002253,103.06,3,0.2,24.48,108910
CA-2014-104472,6/2/2014,6/7/2014,Standard Class,CK-12325,OFF-BI-10001658,59.81,3,0.2,19.44,104472
CA-2014-104472,6/2/2014,6/7/2014,Standard Class,CK-12325,FUR-FU-10000246,73.32,6,0,22,104472
CA-2016-112942,2/13/2016,2/18/2016,Standard Class,RD-19810,OFF-PA-10004092,146.82,3,0,73.41,112942
CA-2016-142335,12/15/2016,12/19/2016,Standard Class,MP-17965,FUR-TA-10000198,1652.94,3,0,231.41,142335
CA-2016-142335,12/15/2016,12/19/2016,Standard Class,MP-17965,OFF-ST-10000036,296.37,3,0,80.02,142335
CA-2014-117429,10/7/2014,10/13/2014,Standard Class,MR-17545,FUR-FU-10000222,129.92,5,0.2,21.11,117429
CA-2016-114713,7/7/2016,7/12/2016,Standard Class,SC-20695,OFF-SU-10004664,45.58,7,0.2,5.13,114713
CA-2017-144113,9/16/2017,9/20/2017,Standard Class,JF-15355,OFF-EN-10001141,17.57,2,0.2,6.37,144113
CA-2017-144113,9/16/2017,9/20/2017,Standard Class,JF-15355,TEC-PH-10002170,55.99,1,0.2,5.6,144113
US-2016-150861,12/3/2016,12/6/2016,First Class,EG-13900,OFF-PA-10001954,182.72,8,0,84.05,150861
US-2016-150861,12/3/2016,12/6/2016,First Class,EG-13900,FUR-TA-10002228,400.03,2,0.4,-153.35,150861
US-2016-150861,12/3/2016,12/6/2016,First Class,EG-13900,OFF-ST-10004634,33.63,3,0,10.09,150861
US-2016-150861,12/3/2016,12/6/2016,First Class,EG-13900,FUR-CH-10002965,542.65,3,0.1,102.5,150861
US-2016-150861,12/3/2016,12/6/2016,First Class,EG-13900,OFF-LA-10001317,6.3,2,0,3.02,150861
CA-2017-131954,1/21/2017,1/25/2017,Standard Class,DS-13030,TEC-AC-10003610,179.97,3,0,86.39,131954
CA-2017-131954,1/21/2017,1/25/2017,Standard Class,DS-13030,OFF-BI-10003982,99.7,6,0.2,33.65,131954
CA-2017-131954,1/21/2017,1/25/2017,Standard Class,DS-13030,OFF-BI-10003291,27.94,4,0.2,9.43,131954
CA-2017-131954,1/21/2017,1/25/2017,Standard Class,DS-13030,FUR-BO-10001619,84.98,1,0,18.7,131954
CA-2017-131954,1/21/2017,1/25/2017,Standard Class,DS-13030,OFF-BI-10000138,18.72,5,0.2,6.55,131954
CA-2014-132500,9/8/2014,9/12/2014,Standard Class,GZ-14470,TEC-AC-10001383,49.98,2,0,8.5,132500
CA-2014-112326,1/4/2014,1/8/2014,Standard Class,PO-19195,OFF-LA-10003223,11.78,3,0.2,4.27,112326
CA-2014-112326,1/4/2014,1/8/2014,Standard Class,PO-19195,OFF-ST-10002743,272.74,3,0.2,-64.77,112326
CA-2014-112326,1/4/2014,1/8/2014,Standard Class,PO-19195,OFF-BI-10004094,3.54,2,0.8,-5.49,112326
US-2016-146710,8/27/2016,9/1/2016,Standard Class,SS-20875,OFF-PA-10002615,3.53,1,0.2,1.15,146710
US-2016-146710,8/27/2016,9/1/2016,Standard Class,SS-20875,OFF-PA-10004971,4.62,1,0.2,1.68,146710
US-2016-146710,8/27/2016,9/1/2016,Standard Class,SS-20875,OFF-SU-10004261,55.17,4,0.2,6.21,146710
CA-2014-124429,5/27/2014,5/27/2014,Same Day,MH-17785,FUR-TA-10002607,567.12,10,0.2,-28.36,124429
CA-2014-124429,5/27/2014,5/27/2014,Same Day,MH-17785,OFF-ST-10001809,359.32,4,0,7.19,124429
CA-2016-150889,3/20/2016,3/22/2016,Second Class,PB-19105,TEC-PH-10000004,11.99,1,0.2,0.9,150889
CA-2017-126074,10/2/2017,10/6/2017,Standard Class,RF-19735,OFF-BI-10003638,58.05,3,0,26.7,126074
CA-2017-126074,10/2/2017,10/6/2017,Standard Class,RF-19735,FUR-FU-10003577,157.74,11,0,56.79,126074
CA-2017-126074,10/2/2017,10/6/2017,Standard Class,RF-19735,OFF-AR-10003478,56.98,7,0,22.79,126074
CA-2017-126074,10/2/2017,10/6/2017,Standard Class,RF-19735,OFF-BI-10000546,2.88,1,0,1.41,126074
CA-2015-135272,12/7/2015,12/12/2015,Standard Class,MS-17830,FUR-FU-10002759,79.92,4,0,28.77,135272
CA-2016-140928,9/18/2016,9/22/2016,Standard Class,NB-18655,FUR-TA-10001095,383.44,4,0.45,-167.32,140928
CA-2015-112319,8/31/2015,9/5/2015,Standard Class,AR-10510,OFF-PA-10003441,58.32,9,0,27.99,112319
CA-2017-126046,11/3/2017,11/7/2017,Standard Class,JC-16105,OFF-LA-10004484,12.39,3,0,5.7,126046
CA-2015-114923,2/8/2015,2/13/2015,Standard Class,LH-17020,TEC-PH-10003931,107.98,3,0.4,-27,114923
CA-2014-162775,1/13/2014,1/15/2014,Second Class,CS-12250,OFF-EN-10001990,11.36,2,0,5.34,162775
CA-2014-162775,1/13/2014,1/15/2014,Second Class,CS-12250,OFF-EN-10001532,50.94,3,0,25.47,162775
CA-2014-162775,1/13/2014,1/15/2014,Second Class,CS-12250,TEC-AC-10003174,646.74,6,0,258.7,162775
CA-2014-162775,1/13/2014,1/15/2014,Second Class,CS-12250,OFF-BI-10004187,5.64,3,0,2.71,162775
CA-2014-162775,1/13/2014,1/15/2014,Second Class,CS-12250,OFF-ST-10000025,572.58,6,0,34.35,162775
CA-2014-106810,5/14/2014,5/20/2014,Standard Class,AJ-10795,FUR-FU-10004306,310.88,2,0.2,23.32,106810
CA-2016-157245,5/19/2016,5/24/2016,Standard Class,LE-16810,FUR-CH-10003746,641.96,2,0,179.75,157245
CA-2017-104220,1/30/2017,2/5/2017,Standard Class,BV-11245,OFF-BI-10001036,18.28,2,0,9.14,104220
CA-2017-104220,1/30/2017,2/5/2017,Standard Class,BV-11245,TEC-PH-10004614,207,3,0,51.75,104220
CA-2017-104220,1/30/2017,2/5/2017,Standard Class,BV-11245,OFF-BI-10000301,32.35,5,0,16.18,104220
CA-2017-104220,1/30/2017,2/5/2017,Standard Class,BV-11245,OFF-BI-10003910,7.71,1,0,3.47,104220
CA-2017-104220,1/30/2017,2/5/2017,Standard Class,BV-11245,OFF-AR-10004648,40.3,2,0,10.88,104220
CA-2017-104220,1/30/2017,2/5/2017,Standard Class,BV-11245,FUR-FU-10002597,34.58,7,0,14.52,104220
CA-2014-165974,6/29/2014,7/6/2014,Standard Class,DL-12865,OFF-AR-10003405,32.76,7,0.2,3.69,165974
CA-2015-144267,8/21/2015,8/23/2015,First Class,NZ-18565,FUR-CH-10002335,544.01,3,0.2,40.8,144267
CA-2015-144267,8/21/2015,8/23/2015,First Class,NZ-18565,OFF-PA-10000157,59.94,3,0,28.17,144267
CA-2015-144267,8/21/2015,8/23/2015,First Class,NZ-18565,OFF-PA-10003657,4.28,1,0,1.93,144267
US-2015-157014,10/3/2015,10/6/2015,Second Class,BM-11785,OFF-BI-10001098,32.07,5,0.7,-22.45,157014
US-2015-157014,10/3/2015,10/6/2015,Second Class,BM-11785,TEC-AC-10002167,24,2,0.2,-2.7,157014
US-2015-157014,10/3/2015,10/6/2015,Second Class,BM-11785,FUR-BO-10004409,35.49,1,0.5,-15.62,157014
US-2015-157014,10/3/2015,10/6/2015,Second Class,BM-11785,TEC-AC-10000057,47.98,2,0.2,0.6,157014
CA-2015-154921,5/23/2015,5/28/2015,Standard Class,EA-14035,OFF-EN-10000056,186.69,3,0,87.74,154921
CA-2017-129567,3/17/2017,3/21/2017,Second Class,CL-12565,OFF-BI-10000014,17.46,2,0.2,5.89,129567
CA-2015-154620,12/12/2015,12/16/2015,Standard Class,LT-17110,FUR-CH-10004675,348.93,2,0.2,34.89,154620
CA-2015-115938,6/26/2015,6/30/2015,Standard Class,SA-20830,OFF-BI-10001543,143.96,4,0,69.1,115938
CA-2015-115938,6/26/2015,6/30/2015,Standard Class,SA-20830,OFF-ST-10001321,15.42,1,0,4.16,115938
CA-2015-115938,6/26/2015,6/30/2015,Standard Class,SA-20830,OFF-BI-10001132,43.04,8,0,21.09,115938
CA-2015-115938,6/26/2015,6/30/2015,Standard Class,SA-20830,FUR-CH-10003199,332.94,3,0,79.91,115938
CA-2016-105256,5/20/2016,5/20/2016,Same Day,JK-15730,TEC-PH-10001530,1363.96,5,0.2,85.25,105256
CA-2014-156433,9/20/2014,9/26/2014,Standard Class,ES-14020,OFF-LA-10001569,9.96,2,0,4.58,156433
CA-2014-156433,9/20/2014,9/26/2014,Standard Class,ES-14020,OFF-PA-10003724,21.72,4,0,10.64,156433
CA-2015-124653,12/24/2015,12/26/2015,First Class,DB-13120,OFF-PA-10000176,132.79,7,0,63.74,124653
CA-2015-124653,12/24/2015,12/26/2015,First Class,DB-13120,OFF-LA-10002271,21.56,7,0,10.35,124653
CA-2017-105809,2/20/2017,2/23/2017,First Class,HW-14935,FUR-FU-10004090,22.23,1,0,7.34,105809
CA-2017-105809,2/20/2017,2/23/2017,First Class,HW-14935,TEC-PH-10001580,215.97,2,0.2,18.9,105809
CA-2016-136133,8/18/2016,8/23/2016,Second Class,HW-14935,OFF-AP-10000576,355.32,9,0,99.49,136133
CA-2014-134313,11/1/2014,11/7/2014,Standard Class,RA-19915,OFF-AR-10001897,43.18,3,0.2,4.32,134313
CA-2014-134313,11/1/2014,11/7/2014,Standard Class,RA-19915,TEC-PH-10001795,1983.97,4,0.2,248,134313
CA-2014-151995,10/13/2014,10/15/2014,First Class,ZC-21910,FUR-TA-10002903,1298.55,5,0,311.65,151995
CA-2014-151995,10/13/2014,10/15/2014,First Class,ZC-21910,OFF-AP-10000240,213.92,4,0,62.04,151995
CA-2014-151995,10/13/2014,10/15/2014,First Class,ZC-21910,TEC-AC-10001101,25.78,2,0,2.58,151995
CA-2017-143686,5/14/2017,5/14/2017,Same Day,PJ-19015,TEC-AC-10001838,1399.93,7,0,601.97,143686
CA-2016-149370,9/15/2016,9/19/2016,Standard Class,DB-13210,OFF-PA-10003651,5.34,1,0.2,1.87,149370
CA-2014-140858,6/28/2014,7/2/2014,Standard Class,CA-12775,OFF-PA-10000304,41.47,8,0.2,14.52,140858
CA-2014-140858,6/28/2014,7/2/2014,Standard Class,CA-12775,OFF-BI-10003094,3.17,3,0.7,-2.43,140858
CA-2014-140858,6/28/2014,7/2/2014,Standard Class,CA-12775,FUR-CH-10001394,1228.46,5,0.3,0,140858
CA-2014-140858,6/28/2014,7/2/2014,Standard Class,CA-12775,OFF-BI-10004230,31.09,3,0.7,-22.8,140858
CA-2014-140858,6/28/2014,7/2/2014,Standard Class,CA-12775,OFF-PA-10003395,335.52,4,0.2,117.43,140858
CA-2017-101434,6/20/2017,6/27/2017,Standard Class,TR-21325,TEC-AC-10002402,239.97,3,0,71.99,101434
CA-2017-101434,6/20/2017,6/27/2017,Standard Class,TR-21325,OFF-LA-10003223,9.82,2,0,4.81,101434
US-2014-102071,5/9/2014,5/15/2014,Standard Class,PG-18820,TEC-AC-10003441,67.8,4,0,4.07,102071
US-2014-102071,5/9/2014,5/15/2014,Standard Class,PG-18820,TEC-AC-10000109,167.97,3,0,40.31,102071
CA-2017-126956,8/21/2017,8/28/2017,Standard Class,GT-14710,OFF-FA-10002280,35,7,0,16.8,126956
CA-2017-126956,8/21/2017,8/28/2017,Standard Class,GT-14710,OFF-SU-10000381,37.24,4,0,10.8,126956
CA-2017-126956,8/21/2017,8/28/2017,Standard Class,GT-14710,OFF-EN-10004459,15.28,2,0,7.49,126956
CA-2017-129462,6/16/2017,6/21/2017,Second Class,JE-15745,OFF-AP-10003884,180.66,3,0,50.58,129462
CA-2017-129462,6/16/2017,6/21/2017,Second Class,JE-15745,TEC-PH-10001557,191.98,2,0,51.83,129462
CA-2017-129462,6/16/2017,6/21/2017,Second Class,JE-15745,TEC-PH-10002085,65.99,1,0,17.16,129462
CA-2016-165316,7/23/2016,7/27/2016,Standard Class,JB-15400,OFF-AR-10002956,35.22,2,0.2,2.64,165316
CA-2016-165316,7/23/2016,7/27/2016,Standard Class,JB-15400,OFF-AP-10003266,23.7,2,0.2,6.52,165316
CA-2016-165316,7/23/2016,7/27/2016,Standard Class,JB-15400,TEC-MA-10004002,265.48,1,0.5,-111.5,165316
US-2014-115987,9/8/2014,9/13/2014,Second Class,LH-17020,OFF-BI-10001071,51.18,4,0.8,-79.34,115987
US-2017-156083,11/4/2017,11/11/2017,Standard Class,JL-15175,OFF-PA-10001560,9.66,2,0.2,3.26,156083
US-2016-137547,3/7/2016,3/12/2016,Standard Class,EB-13705,TEC-PH-10002365,21.07,3,0.2,1.58,137547
CA-2015-100454,11/20/2015,11/25/2015,Standard Class,BM-11650,OFF-AR-10004648,60.45,3,0,16.32,100454
CA-2015-100454,11/20/2015,11/25/2015,Standard Class,BM-11650,FUR-BO-10001519,186.05,4,0.2,9.3,100454
CA-2016-161669,11/7/2016,11/9/2016,First Class,EM-14095,OFF-BI-10001294,37.44,4,0.2,11.7,161669
CA-2016-161669,11/7/2016,11/9/2016,First Class,EM-14095,OFF-BI-10001636,26.98,4,0.2,8.77,161669
CA-2015-114300,10/13/2015,10/17/2015,Standard Class,AF-10885,TEC-PH-10001552,83.72,7,0,23.44,114300
CA-2015-114300,10/13/2015,10/17/2015,Standard Class,AF-10885,FUR-CH-10001891,287.94,3,0,77.74,114300
CA-2017-107503,1/1/2017,1/6/2017,Standard Class,GA-14725,FUR-FU-10003878,48.9,4,0.2,8.56,107503
CA-2014-107755,2/7/2014,2/12/2014,Standard Class,CK-12760,TEC-AC-10000710,115.36,7,0,49.6,107755
CA-2016-152534,6/20/2016,6/25/2016,Second Class,DP-13105,OFF-AR-10002335,5.16,2,0,1.34,152534
CA-2016-152534,6/20/2016,6/25/2016,Second Class,DP-13105,OFF-PA-10001870,38.88,6,0,18.66,152534
CA-2016-113747,5/28/2016,6/4/2016,Standard Class,VD-21670,OFF-AR-10003373,185.88,6,0,50.19,113747
CA-2016-123274,2/19/2016,2/24/2016,Standard Class,GT-14710,FUR-FU-10004090,44.46,2,0,14.67,123274
CA-2014-125612,8/3/2014,8/8/2014,Standard Class,BK-11260,OFF-PA-10001019,39.96,2,0,18.78,125612
CA-2014-125612,8/3/2014,8/8/2014,Standard Class,BK-11260,OFF-SU-10002537,102.3,10,0,26.6,125612
CA-2014-125612,8/3/2014,8/8/2014,Standard Class,BK-11260,OFF-ST-10003221,21.36,2,0,5.77,125612
CA-2014-133851,6/9/2014,6/16/2014,Standard Class,CM-12445,OFF-AR-10003752,23.1,2,0,10.63,133851
CA-2016-134474,1/5/2016,1/7/2016,Second Class,AJ-10795,TEC-AC-10001714,191.47,6,0.2,40.69,134474
CA-2016-134474,1/5/2016,1/7/2016,Second Class,AJ-10795,OFF-AR-10003958,5.25,2,0.2,0.59,134474
CA-2016-134474,1/5/2016,1/7/2016,Second Class,AJ-10795,TEC-PH-10002923,59.18,2,0.2,5.18,134474
CA-2014-149020,1/10/2014,1/15/2014,Standard Class,AJ-10780,OFF-LA-10004272,2.89,1,0,1.36,149020
CA-2014-149020,1/10/2014,1/15/2014,Standard Class,AJ-10780,FUR-FU-10000965,51.94,1,0,21.3,149020
CA-2016-134362,9/29/2016,10/2/2016,First Class,LS-16945,OFF-LA-10004853,15.94,4,0.2,5.18,134362
CA-2014-136742,4/6/2014,4/10/2014,Standard Class,GP-14740,OFF-BI-10003719,44.91,6,0.7,-35.93,136742
CA-2016-158099,9/3/2016,9/5/2016,First Class,PK-18910,OFF-BI-10000545,1141.47,5,0.7,-760.98,158099
CA-2016-158099,9/3/2016,9/5/2016,First Class,PK-18910,TEC-PH-10002496,280.78,3,0.4,-46.8,158099
CA-2015-131128,10/19/2015,10/20/2015,First Class,TB-21520,OFF-PA-10003591,34.44,3,0,17.22,131128
CA-2014-148488,12/10/2014,12/15/2014,Standard Class,SM-20005,OFF-BI-10000315,106.34,7,0.2,37.22,148488
CA-2017-114636,8/25/2017,8/29/2017,Standard Class,GA-14725,OFF-PA-10001790,192.16,5,0.2,67.26,114636
CA-2016-116736,1/17/2016,1/21/2016,Standard Class,CC-12430,FUR-FU-10004017,322.59,3,0,64.52,116736
CA-2016-116736,1/17/2016,1/21/2016,Standard Class,CC-12430,TEC-AC-10003628,29.99,1,0,13.2,116736
CA-2016-116736,1/17/2016,1/21/2016,Standard Class,CC-12430,TEC-AC-10002049,371.97,3,0,66.95,116736
US-2014-158638,9/17/2014,9/21/2014,Standard Class,AG-10765,OFF-BI-10003712,5.89,4,0.7,-4.12,158638
CA-2017-111689,11/30/2017,12/2/2017,Second Class,HP-14815,OFF-BI-10003984,68.47,3,0.2,23.11,111689
CA-2017-111689,11/30/2017,12/2/2017,Second Class,HP-14815,FUR-CH-10004287,1242.9,5,0.1,262.39,111689
US-2017-123463,12/23/2017,12/23/2017,Same Day,GZ-14470,OFF-AR-10001118,13.48,4,0,5.93,123463
CA-2016-165148,10/22/2016,10/24/2016,First Class,PM-19135,FUR-FU-10000732,31.4,5,0,10.05,165148
CA-2015-143602,4/25/2015,4/28/2015,Second Class,JS-15595,OFF-BI-10002071,13.94,3,0.2,4.53,143602
CA-2017-115364,6/26/2017,7/2/2017,Standard Class,OT-18730,OFF-ST-10002486,83.76,12,0,1.68,115364
CA-2017-150707,10/14/2017,10/19/2017,Standard Class,EL-13735,OFF-BI-10001078,37.66,7,0,18.45,150707
CA-2014-104976,12/9/2014,12/16/2014,Standard Class,CK-12760,OFF-PA-10003845,34.68,6,0,16.99,104976
CA-2017-133256,6/26/2017,6/27/2017,First Class,TH-21550,OFF-PA-10001622,4.54,1,0,2.04,133256
CA-2017-133256,6/26/2017,6/27/2017,First Class,TH-21550,TEC-PH-10002660,543.92,8,0,135.98,133256
CA-2016-105494,11/10/2016,11/12/2016,First Class,PC-18745,OFF-ST-10002205,155.82,7,0,42.07,105494
CA-2016-105494,11/10/2016,11/12/2016,First Class,PC-18745,OFF-BI-10003364,70.01,3,0.2,24.5,105494
CA-2016-140634,10/3/2016,10/6/2016,Second Class,HL-15040,OFF-EN-10001099,15.65,2,0.2,5.09,140634
CA-2014-144407,9/9/2014,9/15/2014,Standard Class,MS-17365,OFF-LA-10003923,103.6,7,0,51.8,144407
CA-2017-160983,10/29/2017,10/31/2017,Second Class,GB-14530,OFF-PA-10002250,46.96,8,0,22.54,160983
US-2016-114622,4/10/2016,4/12/2016,First Class,JR-16210,OFF-BI-10004716,8.9,2,0.7,-6.53,114622
CA-2017-150959,11/11/2017,11/13/2017,First Class,TD-20995,OFF-LA-10001045,10.44,5,0.2,3.39,150959
CA-2017-150959,11/11/2017,11/13/2017,First Class,TD-20995,OFF-BI-10001510,18.34,4,0.8,-32.09,150959
CA-2017-132353,9/15/2017,9/17/2017,First Class,DB-13060,TEC-PH-10004536,323.98,3,0.2,20.25,132353
CA-2017-143259,12/30/2017,1/3/2018,Standard Class,PO-18865,FUR-BO-10003441,323.14,4,0.2,12.12,143259
CA-2017-143259,12/30/2017,1/3/2018,Standard Class,PO-18865,TEC-PH-10004774,90.93,7,0,2.73,143259
CA-2017-143259,12/30/2017,1/3/2018,Standard Class,PO-18865,OFF-BI-10003684,52.78,3,0.2,19.79,143259
CA-2017-137596,9/2/2017,9/7/2017,Standard Class,BE-11335,TEC-PH-10001494,1199.8,4,0,323.95,137596
CA-2017-137596,9/2/2017,9/7/2017,Standard Class,BE-11335,TEC-AC-10004666,1928.78,7,0,829.38,137596
CA-2017-137596,9/2/2017,9/7/2017,Standard Class,BE-11335,OFF-ST-10003816,352.38,2,0,81.05,137596
CA-2017-102519,11/27/2017,11/29/2017,First Class,BM-11650,FUR-FU-10004091,46.94,1,0,19.25,102519
CA-2017-102519,11/27/2017,11/29/2017,First Class,BM-11650,TEC-AC-10001772,143.73,9,0,56.05,102519
US-2014-141215,6/15/2014,6/21/2014,Standard Class,KL-16555,FUR-TA-10001520,99.92,2,0.3,-18.56,141215
US-2014-141215,6/15/2014,6/21/2014,Standard Class,KL-16555,FUR-CH-10003379,797.94,4,0.3,-57,141215
US-2014-141215,6/15/2014,6/21/2014,Standard Class,KL-16555,OFF-BI-10002706,8.57,3,0.8,-14.57,141215
CA-2016-165218,3/5/2016,3/11/2016,Standard Class,RW-19630,OFF-EN-10000056,149.35,3,0.2,50.41,165218
CA-2016-165218,3/5/2016,3/11/2016,Standard Class,RW-19630,OFF-ST-10001558,12.99,1,0.2,-0.81,165218
CA-2015-111164,4/11/2015,4/15/2015,Standard Class,SE-20110,TEC-AC-10002473,85.14,3,0,34.91,111164
CA-2015-111164,4/11/2015,4/15/2015,Standard Class,SE-20110,TEC-PH-10004531,21.99,1,0,10.56,111164
CA-2015-111164,4/11/2015,4/15/2015,Standard Class,SE-20110,OFF-AP-10004487,406.6,5,0,113.85,111164
CA-2016-149797,9/15/2016,9/20/2016,Standard Class,AH-10075,OFF-BI-10003650,841.57,2,0.2,294.55,149797
CA-2014-132962,9/13/2014,9/16/2014,First Class,JM-15535,TEC-AC-10004353,252,5,0.2,53.55,132962
CA-2015-115091,10/5/2015,10/9/2015,Standard Class,JJ-15760,OFF-AR-10000658,46.2,4,0,12.94,115091
CA-2015-115091,10/5/2015,10/9/2015,Standard Class,JJ-15760,OFF-AP-10000696,28.84,2,0,9.52,115091
CA-2017-144932,4/14/2017,4/17/2017,First Class,AB-10165,OFF-AR-10003560,14.59,3,0.2,2.55,144932
CA-2017-144932,4/14/2017,4/17/2017,First Class,AB-10165,OFF-AR-10001468,89.86,3,0.2,21.34,144932
CA-2017-144932,4/14/2017,4/17/2017,First Class,AB-10165,OFF-PA-10004971,13.87,3,0.2,5.03,144932
CA-2017-114216,9/2/2017,9/6/2017,Standard Class,RK-19300,OFF-PA-10002195,12.19,3,0.2,4.11,114216
CA-2016-140081,6/20/2016,6/24/2016,Standard Class,CG-12040,OFF-PA-10001745,45.06,8,0.2,15.21,140081
CA-2016-140081,6/20/2016,6/24/2016,Standard Class,CG-12040,OFF-BI-10004826,29.72,6,0.7,-21.79,140081
CA-2016-140081,6/20/2016,6/24/2016,Standard Class,CG-12040,OFF-AP-10001058,447.7,2,0.2,33.58,140081
US-2017-111745,11/5/2017,11/6/2017,First Class,RA-19885,TEC-AC-10003911,159.99,1,0,54.4,111745
CA-2015-148250,12/13/2015,12/17/2015,Standard Class,RP-19270,OFF-AP-10003040,134.48,4,0,34.96,148250
CA-2016-105760,6/19/2016,6/20/2016,First Class,KC-16255,OFF-PA-10000350,17.12,2,0,8.05,105760
CA-2016-142958,12/13/2016,12/20/2016,Standard Class,RW-19630,OFF-BI-10001759,6.1,2,0.2,2.21,142958
CA-2016-142958,12/13/2016,12/20/2016,Standard Class,RW-19630,FUR-TA-10000577,1114.27,4,0.2,41.79,142958
CA-2015-120880,5/29/2015,6/3/2015,Standard Class,JL-15850,OFF-ST-10001496,540.57,3,0,140.55,120880
CA-2015-120880,5/29/2015,6/3/2015,Standard Class,JL-15850,OFF-BI-10002931,167.76,5,0.2,62.91,120880
US-2015-140200,7/26/2015,7/28/2015,First Class,CA-12775,FUR-TA-10002356,393.16,3,0.5,-204.45,140200
US-2017-110576,11/28/2017,12/2/2017,Standard Class,RB-19795,FUR-FU-10003601,516.49,7,0.2,-12.91,110576
US-2017-110576,11/28/2017,12/2/2017,Standard Class,RB-19795,FUR-FU-10000576,1007.23,6,0.2,75.54,110576
US-2017-110576,11/28/2017,12/2/2017,Standard Class,RB-19795,FUR-TA-10004154,2065.32,12,0.4,-619.6,110576
US-2017-110576,11/28/2017,12/2/2017,Standard Class,RB-19795,OFF-PA-10002479,25.34,6,0.2,7.92,110576
CA-2017-131156,4/3/2017,4/7/2017,Standard Class,KH-16360,FUR-FU-10001940,25.47,4,0.2,7.64,131156
CA-2017-136539,12/28/2017,1/1/2018,Standard Class,GH-14665,FUR-BO-10004709,78.85,2,0.32,-11.6,136539
CA-2017-119305,11/30/2017,12/4/2017,Standard Class,SW-20275,OFF-ST-10000604,173.8,5,0,43.45,119305
CA-2017-102414,5/15/2017,5/18/2017,Second Class,JA-15970,TEC-PH-10002923,29.59,1,0.2,2.59,102414
CA-2015-112571,9/22/2015,9/22/2015,Same Day,DL-12925,FUR-FU-10004188,204.6,2,0,53.2,112571
CA-2015-160059,11/27/2015,12/1/2015,Standard Class,TB-21190,OFF-BI-10000145,6.24,2,0,3.06,160059
CA-2016-120859,9/1/2016,9/4/2016,First Class,CV-12805,OFF-EN-10001335,21.88,2,0,10.94,120859
CA-2014-127488,9/22/2014,9/24/2014,Second Class,MS-17365,OFF-LA-10001613,4.61,2,0.2,1.67,127488
CA-2017-135279,4/9/2017,4/11/2017,First Class,BS-11800,OFF-AR-10004344,35.97,3,0,9.71,135279
CA-2017-135279,4/9/2017,4/11/2017,First Class,BS-11800,OFF-PA-10001281,191.6,4,0,91.97,135279
CA-2017-135279,4/9/2017,4/11/2017,First Class,BS-11800,OFF-LA-10001613,8.64,3,0,4.23,135279
CA-2017-135279,4/9/2017,4/11/2017,First Class,BS-11800,OFF-ST-10001097,501.81,3,0,0,135279
CA-2014-115791,1/16/2014,1/18/2014,Second Class,DL-13315,FUR-FU-10001095,127.1,6,0.2,28.6,115791
CA-2014-115791,1/16/2014,1/18/2014,Second Class,DL-13315,OFF-LA-10001074,30.07,3,0.2,10.15,115791
US-2017-103247,10/5/2017,10/8/2017,Second Class,PO-19195,TEC-PH-10003555,160.93,7,0,3.22,103247
US-2017-100209,7/9/2017,7/15/2017,Standard Class,TD-20995,OFF-BI-10002012,1.08,2,0.7,-0.79,100209
CA-2015-157035,12/9/2015,12/12/2015,First Class,KB-16600,OFF-PA-10004156,34.02,3,0,16.67,157035
CA-2016-144939,10/3/2016,10/8/2016,Standard Class,EB-13870,FUR-CH-10003199,599.29,6,0.1,93.22,144939
CA-2014-163419,11/11/2014,11/14/2014,Second Class,TZ-21580,OFF-AR-10000034,3.39,1,0.2,0.81,163419
CA-2014-163419,11/11/2014,11/14/2014,Second Class,TZ-21580,TEC-PH-10000560,559.98,2,0.2,56,163419
CA-2014-163419,11/11/2014,11/14/2014,Second Class,TZ-21580,FUR-CH-10000665,603.92,5,0.2,75.49,163419
CA-2017-100314,9/29/2017,10/5/2017,Standard Class,AS-10630,OFF-LA-10001569,7.97,2,0.2,2.59,100314
CA-2017-100314,9/29/2017,10/5/2017,Standard Class,AS-10630,OFF-EN-10000461,27.97,4,0.2,9.44,100314
CA-2017-100314,9/29/2017,10/5/2017,Standard Class,AS-10630,TEC-MA-10003066,336.51,3,0.4,44.87,100314
CA-2015-146829,3/10/2015,3/10/2015,Same Day,TS-21340,OFF-BI-10004022,1.11,2,0.8,-1.89,146829
CA-2017-167899,5/21/2017,5/26/2017,Standard Class,JG-15805,FUR-FU-10004071,520.05,5,0,72.81,167899
CA-2017-167899,5/21/2017,5/26/2017,Standard Class,JG-15805,OFF-AR-10001988,17.97,3,0,5.21,167899
CA-2015-153549,3/29/2015,3/31/2015,Second Class,SL-20155,FUR-CH-10004086,1166.92,5,0.2,131.28,153549
CA-2016-110023,9/9/2016,9/11/2016,First Class,TS-21610,OFF-BI-10001036,14.62,2,0.2,5.48,110023
CA-2016-105585,8/26/2016,8/27/2016,First Class,RF-19735,OFF-FA-10002983,10.23,3,0,4.91,105585
CA-2016-105585,8/26/2016,8/27/2016,First Class,RF-19735,OFF-PA-10003625,154.9,5,0,69.7,105585
CA-2014-117639,5/21/2014,5/25/2014,Standard Class,MW-18235,OFF-BI-10003925,2715.93,7,0,1276.49,117639
CA-2014-117639,5/21/2014,5/25/2014,Standard Class,MW-18235,TEC-PH-10001530,617.97,3,0,173.03,117639
CA-2015-162537,10/28/2015,11/3/2015,Standard Class,RD-19585,OFF-EN-10003862,10.67,1,0,4.91,162537
CA-2015-162537,10/28/2015,11/3/2015,Standard Class,RD-19585,OFF-ST-10004258,36.63,3,0,9.89,162537
CA-2015-162537,10/28/2015,11/3/2015,Standard Class,RD-19585,FUR-FU-10002885,24.1,5,0,9.16,162537
CA-2015-162537,10/28/2015,11/3/2015,Standard Class,RD-19585,FUR-FU-10001918,33.11,7,0,12.91,162537
CA-2016-155488,11/13/2016,11/17/2016,Standard Class,FM-14290,OFF-AR-10002956,44.02,2,0,11.45,155488
CA-2015-124891,7/31/2015,7/31/2015,Same Day,RH-19495,TEC-AC-10003033,2309.65,7,0,762.18,124891
CA-2015-124891,7/31/2015,7/31/2015,Same Day,RH-19495,FUR-TA-10002903,1090.78,7,0.4,-290.88,124891
CA-2015-126445,8/27/2015,8/31/2015,Standard Class,RA-19945,OFF-ST-10000046,484.65,3,0,92.08,126445
CA-2015-111199,11/13/2015,11/17/2015,Standard Class,JK-15730,OFF-PA-10001790,115.3,3,0.2,40.35,111199
CA-2015-105312,11/6/2015,11/9/2015,First Class,MT-17815,OFF-EN-10002600,7.08,3,0.2,2.48,105312
CA-2015-105312,11/6/2015,11/9/2015,First Class,MT-17815,OFF-BI-10002049,4.4,3,0.7,-3.52,105312
US-2017-106705,12/26/2017,1/1/2018,Standard Class,PO-18850,OFF-PA-10001509,44.75,5,0,20.58,106705
CA-2017-135034,8/1/2017,8/3/2017,First Class,AT-10735,TEC-PH-10003931,95.98,2,0.2,6,135034
CA-2014-158540,11/24/2014,11/26/2014,First Class,VG-21790,FUR-FU-10001602,151.72,4,0,27.31,158540
CA-2017-118437,6/17/2017,6/21/2017,Second Class,PF-19165,FUR-FU-10004848,155.25,3,0,46.58,118437
CA-2017-118437,6/17/2017,6/21/2017,Second Class,PF-19165,OFF-ST-10003722,14.03,1,0,4.07,118437
US-2015-126214,12/21/2015,12/24/2015,Second Class,JS-15880,FUR-TA-10003748,1618.37,13,0,356.04,126214
US-2015-126214,12/21/2015,12/24/2015,Second Class,JS-15880,TEC-AC-10003198,99.6,1,0,36.85,126214
CA-2015-108665,7/6/2015,7/10/2015,Standard Class,KM-16225,TEC-PH-10004188,124.95,5,0,2.5,108665
CA-2015-108665,7/6/2015,7/10/2015,Standard Class,KM-16225,OFF-ST-10001526,601.65,5,0,156.43,108665
CA-2015-124450,4/27/2015,5/3/2015,Standard Class,GT-14710,OFF-AR-10001166,22.74,3,0,8.87,124450
CA-2015-124450,4/27/2015,5/3/2015,Standard Class,GT-14710,FUR-CH-10000309,1267.53,3,0,316.88,124450
CA-2015-124450,4/27/2015,5/3/2015,Standard Class,GT-14710,TEC-MA-10004212,1379.92,8,0,648.56,124450
CA-2015-167269,6/16/2015,6/20/2015,Standard Class,PB-19150,OFF-EN-10003072,6.21,2,0.2,2.17,167269
CA-2017-106964,12/17/2017,12/20/2017,First Class,HR-14770,OFF-BI-10000320,11.81,2,0.2,4.28,106964
CA-2016-126529,1/11/2016,1/13/2016,Second Class,DE-13255,OFF-PA-10003656,63.31,3,0.2,20.58,126529
CA-2016-126529,1/11/2016,1/13/2016,Second Class,DE-13255,TEC-PH-10000148,15.59,2,0.4,-9.87,126529
CA-2014-163552,7/11/2014,7/15/2014,Standard Class,LA-16780,OFF-PA-10000474,177.2,5,0,83.28,163552
CA-2014-163552,7/11/2014,7/15/2014,Standard Class,LA-16780,TEC-PH-10003885,197.97,3,0,57.41,163552
CA-2014-163552,7/11/2014,7/15/2014,Standard Class,LA-16780,FUR-CH-10003379,854.94,3,0,213.74,163552
CA-2014-163552,7/11/2014,7/15/2014,Standard Class,LA-16780,FUR-FU-10000629,124.11,9,0,52.13,163552
CA-2014-163552,7/11/2014,7/15/2014,Standard Class,LA-16780,OFF-LA-10001175,14.4,5,0,7.06,163552
CA-2016-109820,11/20/2016,11/22/2016,First Class,AG-10390,OFF-PA-10000955,15.7,3,0.2,5.1,109820
CA-2016-109820,11/20/2016,11/22/2016,First Class,AG-10390,OFF-BI-10003460,2.63,2,0.7,-1.93,109820
CA-2016-109820,11/20/2016,11/22/2016,First Class,AG-10390,OFF-BI-10000474,14.43,3,0.7,-10.58,109820
CA-2016-113061,4/22/2016,4/26/2016,Standard Class,EL-13735,FUR-FU-10003975,86.62,2,0,8.66,113061
CA-2015-127418,6/13/2015,6/14/2015,First Class,JJ-15445,OFF-BI-10003707,36.62,3,0.2,13.73,127418
CA-2017-121818,11/20/2017,11/21/2017,First Class,JH-15430,OFF-AR-10000203,23.97,7,0.2,2.7,121818
CA-2017-121818,11/20/2017,11/21/2017,First Class,JH-15430,OFF-AR-10004790,28.73,3,0.2,1.8,121818
CA-2016-127670,3/20/2016,3/24/2016,Standard Class,RD-19660,FUR-TA-10001095,697.16,4,0,146.4,127670
CA-2016-102981,9/6/2016,9/9/2016,Second Class,MO-17500,TEC-AC-10004761,31.86,2,0,11.15,102981
CA-2016-102981,9/6/2016,9/9/2016,Second Class,MO-17500,FUR-BO-10001811,722.35,3,0.2,90.29,102981
CA-2017-115651,7/9/2017,7/12/2017,First Class,NS-18640,OFF-AR-10001130,8.84,5,0.2,2.98,115651
CA-2017-115651,7/9/2017,7/12/2017,First Class,NS-18640,OFF-AP-10000055,58.46,9,0.8,-146.16,115651
CA-2017-152702,10/12/2017,10/16/2017,Standard Class,SN-20710,FUR-CH-10002304,254.6,14,0.3,-18.19,152702
CA-2014-139192,5/27/2014,6/1/2014,Second Class,LC-16885,TEC-PH-10000486,1113.5,12,0.2,125.27,139192
US-2015-153500,7/3/2015,7/5/2015,First Class,DG-13300,FUR-FU-10000293,168.46,2,0.2,-29.48,153500
US-2015-153500,7/3/2015,7/5/2015,First Class,DG-13300,OFF-PA-10001307,6.72,2,0.2,2.44,153500
US-2015-153500,7/3/2015,7/5/2015,First Class,DG-13300,FUR-FU-10004460,282.89,9,0.2,56.58,153500
CA-2015-110667,4/4/2015,4/8/2015,Standard Class,NF-18595,OFF-AR-10000716,11.16,2,0,4.35,110667
CA-2015-110667,4/4/2015,4/8/2015,Standard Class,NF-18595,FUR-FU-10004622,108.4,2,0,22.76,110667
CA-2015-110667,4/4/2015,4/8/2015,Standard Class,NF-18595,OFF-BI-10002735,82.34,3,0.2,27.79,110667
CA-2015-110667,4/4/2015,4/8/2015,Standard Class,NF-18595,OFF-BI-10003529,9.09,4,0.2,3.29,110667
CA-2017-167150,12/10/2017,12/17/2017,Standard Class,BP-11185,OFF-BI-10001097,19.94,4,0.2,7.23,167150
CA-2017-167150,12/10/2017,12/17/2017,Standard Class,BP-11185,OFF-BI-10001597,65.57,2,0.2,22.95,167150
CA-2016-105284,11/24/2016,12/1/2016,Standard Class,MG-17650,OFF-FA-10001754,4.42,3,0.2,1.6,105284
US-2015-125374,3/23/2015,3/29/2015,Standard Class,JD-16060,FUR-CH-10003396,107.77,2,0.3,-29.25,125374
CA-2015-161263,4/16/2015,4/21/2015,Standard Class,TS-21160,OFF-AP-10002350,45.22,3,0.2,4.52,161263
CA-2015-161263,4/16/2015,4/21/2015,Standard Class,TS-21160,OFF-FA-10004838,10.42,7,0.2,-2.21,161263
CA-2015-161263,4/16/2015,4/21/2015,Standard Class,TS-21160,OFF-AR-10004757,7.87,3,0.2,1.28,161263
CA-2015-161263,4/16/2015,4/21/2015,Standard Class,TS-21160,TEC-PH-10002115,118.78,3,0.4,-27.72,161263
CA-2015-161263,4/16/2015,4/21/2015,Standard Class,TS-21160,OFF-FA-10003059,1.45,1,0.2,0.24,161263
CA-2015-161263,4/16/2015,4/21/2015,Standard Class,TS-21160,OFF-BI-10004330,55.47,5,0.7,-46.22,161263
CA-2016-157686,10/1/2016,10/2/2016,First Class,BD-11620,FUR-CH-10001146,194.85,4,0.2,12.18,157686
US-2017-139955,9/28/2017,9/30/2017,Second Class,CM-12160,OFF-SU-10001935,1.74,1,0.2,-0.35,139955
US-2015-150161,7/25/2015,7/29/2015,Standard Class,RB-19795,OFF-BI-10001524,25.18,4,0.7,-18.46,150161
CA-2016-134348,11/12/2016,11/19/2016,Standard Class,MS-17710,OFF-BI-10003727,6.27,5,0.7,-4.6,134348
CA-2016-134348,11/12/2016,11/19/2016,Standard Class,MS-17710,OFF-BI-10004967,4.37,7,0.7,-3.35,134348
CA-2016-161781,9/29/2016,9/30/2016,First Class,CC-12100,OFF-AR-10000255,40.88,7,0,10.63,161781
CA-2017-132521,9/23/2017,9/25/2017,Second Class,DW-13540,OFF-ST-10001325,31.44,3,0,8.49,132521
CA-2017-132521,9/23/2017,9/25/2017,Second Class,DW-13540,OFF-BI-10000404,6.88,1,0.2,2.32,132521
CA-2015-110016,11/29/2015,12/4/2015,Standard Class,BT-11395,FUR-CH-10002880,1106.91,9,0,121.76,110016
US-2016-143819,3/1/2016,3/5/2016,Standard Class,KD-16270,FUR-TA-10001095,836.59,8,0.4,-264.92,143819
US-2016-143819,3/1/2016,3/5/2016,Standard Class,KD-16270,OFF-PA-10003127,26.38,1,0,12.13,143819
US-2016-143819,3/1/2016,3/5/2016,Standard Class,KD-16270,OFF-ST-10003208,362.92,2,0,105.25,143819
US-2016-143819,3/1/2016,3/5/2016,Standard Class,KD-16270,TEC-MA-10003979,4899.93,7,0,2400.97,143819
CA-2016-166163,8/15/2016,8/20/2016,Second Class,CY-12745,TEC-PH-10004896,71.98,3,0.2,7.2,166163
CA-2016-166163,8/15/2016,8/20/2016,Second Class,CY-12745,OFF-LA-10000452,3.15,1,0,1.51,166163
CA-2017-158407,6/4/2017,6/10/2017,Standard Class,LW-16990,TEC-PH-10001819,71.98,2,0.2,25.19,158407
CA-2015-143490,12/6/2015,12/13/2015,Standard Class,NP-18325,OFF-AR-10002952,120.15,9,0,33.64,143490
CA-2015-143490,12/6/2015,12/13/2015,Standard Class,NP-18325,TEC-PH-10000576,219.18,2,0.2,19.18,143490
CA-2015-165085,12/27/2015,12/31/2015,Standard Class,BT-11485,OFF-PA-10000605,28.9,5,0,14.16,165085
CA-2015-165085,12/27/2015,12/31/2015,Standard Class,BT-11485,OFF-AP-10002518,355.96,2,0,103.23,165085
CA-2017-160423,1/21/2017,1/26/2017,Standard Class,PS-19045,OFF-ST-10004340,348.21,7,0.2,30.47,160423
CA-2017-160423,1/21/2017,1/26/2017,Standard Class,PS-19045,OFF-BI-10004001,35.78,7,0.7,-28.63,160423
CA-2014-159338,6/25/2014,6/28/2014,First Class,NS-18640,FUR-TA-10004147,447.84,5,0.2,11.2,159338
CA-2016-107216,6/14/2016,6/17/2016,First Class,PV-18985,OFF-AR-10001545,7.04,4,0,2.04,107216
CA-2016-107216,6/14/2016,6/17/2016,First Class,PV-18985,FUR-FU-10000206,8.73,3,0,4.1,107216
CA-2016-107216,6/14/2016,6/17/2016,First Class,PV-18985,TEC-AC-10001013,29.29,1,0,9.67,107216
US-2017-145863,4/21/2017,4/27/2017,Standard Class,RP-19390,OFF-BI-10004140,2.69,3,0.8,-4.71,145863
US-2017-145863,4/21/2017,4/27/2017,Standard Class,RP-19390,OFF-BI-10002049,2.93,3,0.8,-4.99,145863
CA-2016-112340,10/21/2016,10/27/2016,Standard Class,NM-18520,OFF-PA-10001892,22.92,3,0,11.23,112340
US-2016-110156,11/19/2016,11/24/2016,Standard Class,EH-13945,OFF-ST-10000642,100.7,6,0.2,-16.36,110156
US-2016-110156,11/19/2016,11/24/2016,Standard Class,EH-13945,FUR-FU-10000206,2.33,2,0.6,-0.76,110156
US-2016-110156,11/19/2016,11/24/2016,Standard Class,EH-13945,OFF-BI-10003676,10.78,5,0.8,-17.25,110156
US-2016-110156,11/19/2016,11/24/2016,Standard Class,EH-13945,OFF-FA-10003495,58.37,12,0.2,21.89,110156
US-2016-110156,11/19/2016,11/24/2016,Standard Class,EH-13945,OFF-EN-10003798,40.97,3,0.2,13.83,110156
US-2016-110156,11/19/2016,11/24/2016,Standard Class,EH-13945,TEC-PH-10003589,71.96,5,0.2,25.19,110156
US-2016-110156,11/19/2016,11/24/2016,Standard Class,EH-13945,OFF-BI-10002609,1.19,2,0.8,-2.03,110156
CA-2017-140585,12/18/2017,12/23/2017,Second Class,RA-19915,OFF-BI-10003364,46.67,2,0.2,16.34,140585
CA-2017-140585,12/18/2017,12/23/2017,Second Class,RA-19915,FUR-BO-10002206,119.83,1,0.15,-12.69,140585
CA-2017-140585,12/18/2017,12/23/2017,Second Class,RA-19915,TEC-AC-10003610,119.98,2,0,57.59,140585
CA-2015-142755,9/4/2015,9/8/2015,Standard Class,CS-12355,OFF-PA-10001970,279.9,5,0,137.15,142755
