Order ID,Order Date,Ship Date,Ship Mode,Customer ID,Product ID,Sales,Quantity,Discount,Profit,Order ID No.
CA-2016-156573,5/29/2016,6/2/2016,Standard Class,RB-19360,FUR-FU-10001085,44.76,3,0.2,14.55,156573
CA-2015-113901,10/19/2015,10/24/2015,Standard Class,NH-18610,OFF-BI-10001249,38.28,6,0,17.61,113901
CA-2017-134838,2/19/2017,2/20/2017,First Class,ED-13885,FUR-FU-10004018,44.67,3,0,12.06,134838
CA-2016-146010,5/20/2016,5/23/2016,First Class,EH-14125,OFF-BI-10003638,40.64,7,0.7,-32.51,146010
US-2015-163685,6/1/2015,6/5/2015,Standard Class,KE-16420,OFF-BI-10001890,5.73,8,0.8,-9.16,163685
US-2015-163685,6/1/2015,6/5/2015,Standard Class,KE-16420,OFF-PA-10002606,42.24,10,0.2,13.2,163685
CA-2014-135090,11/22/2014,11/26/2014,Standard Class,SP-20920,OFF-PA-10002245,53.82,9,0,24.22,135090
CA-2016-167556,3/29/2016,4/2/2016,Standard Class,JM-15250,FUR-FU-10004848,414,8,0,124.2,167556
CA-2016-167556,3/29/2016,4/2/2016,Standard Class,JM-15250,OFF-BI-10000320,41.33,7,0.2,14.98,167556
US-2016-116400,10/22/2016,10/24/2016,First Class,EB-13930,FUR-FU-10003731,39.92,4,0,11.18,116400
CA-2017-101308,10/2/2017,10/7/2017,Standard Class,FG-14260,OFF-FA-10002780,8.94,3,0,4.11,101308
CA-2014-114517,12/23/2014,12/27/2014,Standard Class,TH-21235,FUR-TA-10001676,53.32,2,0.4,-19.55,114517
CA-2014-114517,12/23/2014,12/27/2014,Standard Class,TH-21235,OFF-AP-10002350,56.52,3,0,15.83,114517
CA-2017-119564,12/15/2017,12/20/2017,Standard Class,PL-18925,FUR-FU-10003096,22.77,3,0,9.79,119564
CA-2016-108735,4/17/2016,4/21/2016,Standard Class,JM-15535,FUR-BO-10003441,257.5,3,0.15,24.24,108735
CA-2017-112333,4/8/2017,4/14/2017,Standard Class,KF-16285,OFF-ST-10001780,2591.56,4,0,621.97,112333
CA-2017-112333,4/8/2017,4/14/2017,Standard Class,KF-16285,OFF-AP-10001962,41.95,5,0,10.49,112333
US-2016-159415,4/17/2016,4/22/2016,Standard Class,CS-12175,FUR-FU-10003798,79.12,5,0.2,13.85,159415
CA-2014-122588,11/25/2014,11/27/2014,Second Class,AR-10540,FUR-FU-10001095,52.96,2,0,20.12,122588
CA-2014-137589,11/3/2014,11/8/2014,Standard Class,MS-17770,OFF-SU-10000157,286.34,3,0.2,-64.43,137589
CA-2015-161998,5/1/2015,5/5/2015,Standard Class,DB-13120,FUR-FU-10001095,63.55,3,0.2,14.3,161998
CA-2015-161998,5/1/2015,5/5/2015,Standard Class,DB-13120,OFF-SU-10004261,41.38,3,0.2,4.65,161998
CA-2015-161998,5/1/2015,5/5/2015,Standard Class,DB-13120,OFF-AR-10004022,172.7,6,0.2,10.79,161998
CA-2015-105627,3/8/2015,3/12/2015,Standard Class,DK-12895,FUR-BO-10002916,512.94,3,0,97.46,105627
CA-2015-105627,3/8/2015,3/12/2015,Standard Class,DK-12895,FUR-CH-10002084,860.93,7,0,189.4,105627
CA-2015-105627,3/8/2015,3/12/2015,Standard Class,DK-12895,TEC-PH-10003012,769.95,5,0,223.29,105627
CA-2015-105627,3/8/2015,3/12/2015,Standard Class,DK-12895,FUR-FU-10000308,373.08,6,0,82.08,105627
US-2015-149629,7/17/2015,7/20/2015,Second Class,MP-17965,FUR-BO-10004709,231.92,5,0.2,5.8,149629
CA-2014-116834,10/11/2014,10/16/2014,Standard Class,Dp-13240,FUR-FU-10001196,63.47,11,0,19.04,116834
CA-2016-145730,3/3/2016,3/8/2016,Standard Class,CC-12220,FUR-TA-10004915,637.9,3,0.3,-127.58,145730
CA-2016-145730,3/3/2016,3/8/2016,Standard Class,CC-12220,TEC-MA-10001016,287.91,3,0.4,33.59,145730
CA-2016-145730,3/3/2016,3/8/2016,Standard Class,CC-12220,OFF-EN-10000483,36.6,3,0.2,11.9,145730
US-2015-168732,12/10/2015,12/16/2015,Standard Class,KM-16660,OFF-AR-10003087,1.78,1,0,0.5,168732
US-2015-168732,12/10/2015,12/16/2015,Standard Class,KM-16660,TEC-AC-10001553,101.94,6,0,21.41,168732
CA-2017-144463,1/1/2017,1/5/2017,Standard Class,SC-20725,FUR-FU-10001215,474.43,11,0,199.26,144463
CA-2017-100811,11/21/2017,11/24/2017,First Class,CC-12475,OFF-ST-10002444,39.3,4,0.2,3.93,100811
CA-2015-165624,8/23/2015,8/28/2015,Standard Class,FH-14350,OFF-AP-10000828,542.94,3,0,152.02,165624
CA-2015-165624,8/23/2015,8/28/2015,Standard Class,FH-14350,OFF-PA-10002319,193.8,5,0,94.96,165624
CA-2015-165624,8/23/2015,8/28/2015,Standard Class,FH-14350,OFF-PA-10002499,97.88,2,0,48.94,165624
CA-2015-165624,8/23/2015,8/28/2015,Standard Class,FH-14350,OFF-AP-10001492,25.86,3,0,6.72,165624
CA-2014-154963,6/22/2014,6/27/2014,Standard Class,AA-10645,FUR-CH-10004698,170.06,3,0.3,-4.86,154963
CA-2014-154963,6/22/2014,6/27/2014,Standard Class,AA-10645,TEC-PH-10004093,82.78,3,0.4,-15.18,154963
CA-2014-154963,6/22/2014,6/27/2014,Standard Class,AA-10645,FUR-CH-10000454,853.93,5,0.3,0,154963
CA-2017-130764,10/27/2017,10/28/2017,First Class,JO-15145,FUR-BO-10003034,556.66,5,0.15,6.55,130764
CA-2017-130764,10/27/2017,10/28/2017,First Class,JO-15145,TEC-PH-10003215,95.84,4,0.2,34.74,130764
CA-2017-139311,8/11/2017,8/13/2017,First Class,SF-20965,OFF-PA-10001776,29.66,4,0.2,10.01,139311
CA-2017-139311,8/11/2017,8/13/2017,First Class,SF-20965,OFF-BI-10004209,12.86,8,0.8,-22.51,139311
CA-2017-124296,12/24/2017,12/28/2017,Standard Class,CS-12355,FUR-CH-10002439,232.88,4,0,60.55,124296
CA-2016-169957,9/26/2016,9/30/2016,Standard Class,SN-20710,OFF-AP-10000576,236.88,6,0,66.33,169957
US-2016-108777,12/12/2016,12/12/2016,Same Day,JM-15655,OFF-BI-10003982,18.69,3,0.7,-14.33,108777
US-2016-108777,12/12/2016,12/12/2016,Same Day,JM-15655,TEC-AC-10002567,383.95,6,0.2,76.79,108777
CA-2014-110786,12/29/2014,1/2/2015,Standard Class,AJ-10795,OFF-PA-10000528,21.12,4,0,9.5,110786
CA-2014-110786,12/29/2014,1/2/2015,Standard Class,AJ-10795,TEC-MA-10003183,767.95,6,0.2,287.98,110786
CA-2014-110786,12/29/2014,1/2/2015,Standard Class,AJ-10795,OFF-LA-10001474,274.77,9,0,126.39,110786
CA-2015-137750,6/25/2015,6/30/2015,Standard Class,JF-15565,FUR-FU-10001979,204.85,5,0,57.36,137750
CA-2017-100356,10/21/2017,10/25/2017,Standard Class,SP-20920,OFF-AP-10002191,23.99,2,0.8,-62.38,100356
US-2015-166520,7/16/2015,7/19/2015,First Class,KE-16420,TEC-AC-10001990,599.9,10,0,191.97,166520
CA-2017-136350,6/24/2017,6/26/2017,Second Class,GA-14515,FUR-FU-10003601,276.69,3,0,49.8,136350
CA-2017-136350,6/24/2017,6/26/2017,Second Class,GA-14515,FUR-CH-10001891,172.76,2,0.1,32.63,136350
CA-2014-122931,9/29/2014,10/3/2014,Standard Class,SM-20950,FUR-TA-10004175,409.27,2,0.4,-81.85,122931
CA-2014-122931,9/29/2014,10/3/2014,Standard Class,SM-20950,OFF-LA-10002945,55.44,11,0.2,18.02,122931
CA-2014-122931,9/29/2014,10/3/2014,Standard Class,SM-20950,FUR-TA-10004147,67.18,1,0.4,-20.15,122931
CA-2014-163034,11/24/2014,11/28/2014,Standard Class,DK-12985,OFF-ST-10000046,646.2,5,0.2,-8.08,163034
CA-2015-124058,11/20/2015,11/24/2015,Standard Class,LC-16885,TEC-PH-10004774,72.74,7,0.2,-15.46,124058
CA-2015-124058,11/20/2015,11/24/2015,Standard Class,LC-16885,FUR-CH-10000595,572.16,3,0.2,35.76,124058
CA-2016-129196,11/1/2016,11/7/2016,Standard Class,XP-21865,TEC-AC-10002473,68.11,3,0.2,17.88,129196
US-2015-138716,9/17/2015,9/20/2015,First Class,CS-11845,OFF-BI-10001628,25.03,3,0.2,7.82,138716
US-2016-122182,3/10/2016,3/14/2016,Standard Class,BD-11770,TEC-AC-10002800,39.99,1,0.2,7.5,122182
US-2014-130358,6/23/2014,6/26/2014,First Class,DL-13330,OFF-SU-10002522,3.1,1,0.2,0.35,130358
CA-2014-102673,11/1/2014,11/5/2014,Standard Class,KH-16630,OFF-LA-10001771,47.81,12,0.2,15.54,102673
CA-2014-102673,11/1/2014,11/5/2014,Standard Class,KH-16630,TEC-PH-10004434,978.84,9,0.2,110.12,102673
CA-2016-145303,8/28/2016,8/31/2016,First Class,TP-21415,OFF-BI-10000050,13.14,9,0.8,-21.68,145303
CA-2016-145303,8/28/2016,8/31/2016,First Class,TP-21415,OFF-BI-10002414,10.02,4,0.8,-16.54,145303
CA-2016-145303,8/28/2016,8/31/2016,First Class,TP-21415,FUR-BO-10003159,156.37,2,0.32,-52.89,145303
CA-2015-156104,12/6/2015,12/8/2015,Second Class,NP-18685,TEC-CO-10002095,999.98,2,0,449.99,156104
US-2015-164308,9/24/2015,9/27/2015,First Class,SC-20680,TEC-PH-10004120,821.94,6,0,213.7,164308
CA-2017-108112,11/15/2017,11/20/2017,Standard Class,DK-12895,FUR-FU-10003553,220.06,4,0.2,55.02,108112
CA-2017-108112,11/15/2017,11/20/2017,Standard Class,DK-12895,FUR-FU-10001488,339.14,4,0.2,0,108112
CA-2016-140417,9/25/2016,9/29/2016,Standard Class,KE-16420,OFF-PA-10000380,60.05,9,0.2,22.52,140417
CA-2016-140417,9/25/2016,9/29/2016,Standard Class,KE-16420,OFF-BI-10004828,5.02,1,0.7,-3.52,140417
CA-2017-163692,9/7/2017,9/9/2017,First Class,Dp-13240,OFF-BI-10003291,7.86,3,0.7,-6.02,163692
CA-2016-111913,8/4/2016,8/6/2016,Second Class,LC-16930,TEC-PH-10002275,302.38,2,0.2,30.24,111913
CA-2016-111913,8/4/2016,8/6/2016,Second Class,LC-16930,OFF-BI-10003291,20.95,3,0.2,7.07,111913
US-2014-156559,8/19/2014,8/26/2014,Standard Class,LH-16900,FUR-BO-10000711,638.82,9,0,172.48,156559
CA-2017-166576,5/16/2017,5/18/2017,First Class,JM-15865,OFF-ST-10002574,221.02,2,0.2,-55.26,166576
CA-2015-102491,8/24/2015,8/28/2015,Standard Class,KW-16435,TEC-MA-10000864,3080,7,0,1416.8,102491
CA-2014-116904,9/23/2014,9/28/2014,Standard Class,SC-20095,OFF-ST-10000736,404.9,5,0,16.2,116904
CA-2014-116904,9/23/2014,9/28/2014,Standard Class,SC-20095,OFF-BI-10001120,9449.95,5,0,4630.48,116904
CA-2014-116904,9/23/2014,9/28/2014,Standard Class,SC-20095,OFF-BI-10000301,12.94,2,0,6.47,116904
US-2017-102288,6/19/2017,6/23/2017,Standard Class,ZC-21910,OFF-AP-10004655,2.26,1,0.8,-5.21,102288
US-2017-102288,6/19/2017,6/23/2017,Standard Class,ZC-21910,OFF-AP-10002906,0.44,1,0.8,-1.11,102288
US-2017-102288,6/19/2017,6/23/2017,Standard Class,ZC-21910,OFF-PA-10000740,146.18,8,0.2,47.51,102288
US-2017-155999,8/7/2017,8/13/2017,Standard Class,JK-15370,TEC-PH-10000439,159.96,5,0.2,18,155999
US-2016-148334,8/22/2016,8/26/2016,Standard Class,DD-13570,OFF-BI-10003676,4.31,2,0.8,-6.9,148334
CA-2015-105599,9/7/2015,9/7/2015,Same Day,MC-17275,FUR-TA-10003837,27.41,3,0.4,-14.16,105599
CA-2015-153717,12/25/2015,1/1/2016,Standard Class,DL-13495,FUR-BO-10004360,160.98,1,0,20.93,153717
CA-2015-116687,5/2/2015,5/7/2015,Standard Class,NC-18625,OFF-LA-10000443,8.86,3,0.2,2.99,116687
CA-2015-116687,5/2/2015,5/7/2015,Standard Class,NC-18625,TEC-PH-10001750,158.38,3,0.2,13.86,116687
CA-2016-163573,11/24/2016,11/27/2016,First Class,AC-10450,OFF-BI-10004632,1219.96,5,0.2,381.24,163573
CA-2015-153416,11/24/2015,11/29/2015,Standard Class,TS-21340,OFF-ST-10000060,454.86,7,0,54.58,153416
CA-2015-153416,11/24/2015,11/29/2015,Standard Class,TS-21340,OFF-BI-10002706,91.39,8,0.2,29.7,153416
CA-2017-133823,5/11/2017,5/12/2017,Same Day,LP-17080,OFF-LA-10004545,37.59,3,0,17.67,133823
CA-2017-133823,5/11/2017,5/12/2017,Same Day,LP-17080,OFF-BI-10000962,26.03,2,0.2,9.44,133823
CA-2017-123239,7/27/2017,7/31/2017,Second Class,MG-18145,FUR-FU-10001602,91.03,3,0.2,-2.28,123239
CA-2017-156769,5/6/2017,5/9/2017,First Class,GZ-14470,OFF-AR-10003179,54.66,6,0,18.04,156769
CA-2014-127299,9/19/2014,9/24/2014,Standard Class,JL-15835,OFF-ST-10003722,67.34,6,0.2,7.58,127299
CA-2014-127299,9/19/2014,9/24/2014,Standard Class,JL-15835,TEC-MA-10001127,2624.98,3,0.5,-944.99,127299
CA-2015-121272,3/29/2015,4/4/2015,Standard Class,DO-13435,OFF-AP-10001947,73.28,4,0,21.25,121272
CA-2014-115336,11/18/2014,11/25/2014,Standard Class,AB-10600,OFF-BI-10001107,14.48,5,0.8,-23.89,115336
CA-2017-105914,10/2/2017,10/8/2017,Standard Class,PV-18985,OFF-BI-10002854,112.12,5,0.2,42.04,105914
CA-2017-105914,10/2/2017,10/8/2017,Standard Class,PV-18985,OFF-ST-10003716,1575.14,7,0,204.77,105914
CA-2016-117226,12/30/2016,1/1/2017,First Class,KD-16495,OFF-BI-10004654,6.92,6,0.8,-10.39,117226
CA-2017-127313,12/1/2017,12/4/2017,First Class,RA-19285,OFF-ST-10001228,37.39,3,0.2,2.34,127313
US-2014-107699,5/19/2014,5/23/2014,Standard Class,JH-15820,OFF-BI-10001249,57.42,9,0,26.41,107699
CA-2017-112725,1/30/2017,2/6/2017,Standard Class,EH-14125,OFF-AR-10003759,12.74,7,0,5.73,112725
CA-2017-112725,1/30/2017,2/6/2017,Standard Class,EH-14125,FUR-CH-10000863,120.78,1,0.2,-13.59,112725
CA-2017-106068,10/23/2017,10/28/2017,Standard Class,RB-19330,OFF-BI-10000962,9.76,3,0.8,-15.13,106068
CA-2017-106068,10/23/2017,10/28/2017,Standard Class,RB-19330,OFF-ST-10004507,13.72,1,0.2,1.2,106068
CA-2017-106068,10/23/2017,10/28/2017,Standard Class,RB-19330,TEC-AC-10002942,55.2,1,0.2,-2.07,106068
CA-2017-100160,9/7/2017,9/11/2017,Standard Class,CB-12025,OFF-LA-10002475,29.24,5,0.2,9.87,100160
CA-2015-101091,12/5/2015,12/9/2015,Second Class,SW-20245,OFF-BI-10001107,26.06,6,0.7,-19.98,101091
CA-2015-163587,3/14/2015,3/18/2015,Standard Class,EP-13915,OFF-BI-10003091,671.94,3,0,315.81,163587
US-2017-106131,1/14/2017,1/16/2017,First Class,TP-21565,TEC-AC-10003027,169.06,7,0.2,-14.79,106131
US-2017-106131,1/14/2017,1/16/2017,First Class,TP-21565,OFF-ST-10003638,168.62,9,0.2,14.75,106131
CA-2014-157924,10/11/2014,10/13/2014,First Class,HA-14920,FUR-CH-10000229,433.57,2,0.2,-65.04,157924
CA-2014-128846,4/7/2014,4/12/2014,Standard Class,RS-19765,TEC-PH-10003273,629.95,5,0,163.79,128846
CA-2016-148593,6/16/2016,6/18/2016,Second Class,BD-11320,OFF-PA-10001776,46.35,5,0,21.78,148593
CA-2017-128426,10/7/2017,10/11/2017,Standard Class,JK-15730,OFF-BI-10000756,4.24,5,0.8,-6.36,128426
US-2017-136868,10/6/2017,10/12/2017,Standard Class,CR-12820,TEC-AC-10001539,319.96,4,0,115.19,136868
US-2017-136868,10/6/2017,10/12/2017,Standard Class,CR-12820,OFF-ST-10000991,344.91,3,0,10.35,136868
CA-2016-143749,12/5/2016,12/7/2016,First Class,AG-10300,FUR-BO-10002853,81.94,1,0,20.48,143749
CA-2017-112536,5/18/2017,5/23/2017,Standard Class,SG-20890,OFF-BI-10003712,6.87,7,0.8,-10.65,112536
CA-2017-112536,5/18/2017,5/23/2017,Standard Class,SG-20890,OFF-BI-10002571,2,1,0.8,-3.29,112536
CA-2017-166709,11/17/2017,11/22/2017,Standard Class,HL-15040,TEC-CO-10004722,10499.97,3,0,5039.99,166709
CA-2015-150875,11/16/2015,11/20/2015,Standard Class,HK-14890,FUR-TA-10000577,696.42,2,0,160.18,150875
CA-2015-150875,11/16/2015,11/20/2015,Standard Class,HK-14890,TEC-PH-10001254,304.78,3,0.2,22.86,150875
CA-2015-154200,6/18/2015,6/22/2015,Standard Class,BG-11740,OFF-AR-10001044,51.98,2,0,15.07,154200
CA-2016-124233,4/8/2016,4/14/2016,Standard Class,CK-12595,FUR-FU-10002597,24.7,5,0,10.37,124233
US-2016-161683,12/3/2016,12/8/2016,Standard Class,CJ-12010,OFF-AP-10000179,394.82,4,0.2,93.77,161683
US-2016-161683,12/3/2016,12/8/2016,Standard Class,CJ-12010,OFF-BI-10001072,18.19,4,0.7,-14.55,161683
CA-2015-143105,12/10/2015,12/10/2015,Same Day,MA-17560,TEC-CO-10002095,799.98,2,0.2,250,143105
CA-2014-145387,10/31/2014,11/2/2014,Second Class,AM-10705,OFF-AR-10001683,49.25,5,0,18.72,145387
CA-2014-145387,10/31/2014,11/2/2014,Second Class,AM-10705,OFF-BI-10004001,34.08,2,0,15.68,145387
CA-2014-145387,10/31/2014,11/2/2014,Second Class,AM-10705,FUR-FU-10000023,17.67,3,0,7.77,145387
CA-2014-145387,10/31/2014,11/2/2014,Second Class,AM-10705,FUR-CH-10002320,1604.9,5,0,481.47,145387
CA-2014-145387,10/31/2014,11/2/2014,Second Class,AM-10705,FUR-TA-10003238,385.69,1,0.3,-60.61,145387
CA-2016-164637,3/4/2016,3/8/2016,Standard Class,RD-19480,OFF-BI-10003876,128.4,3,0,64.2,164637
CA-2014-103590,11/30/2014,12/4/2014,Standard Class,JL-15505,OFF-EN-10004007,62.28,4,0,29.27,103590
CA-2017-149881,4/1/2017,4/3/2017,First Class,NC-18535,FUR-BO-10003894,482.66,8,0.15,85.18,149881
CA-2017-149881,4/1/2017,4/3/2017,First Class,NC-18535,TEC-MA-10000418,4799.98,2,0.2,360,149881
CA-2017-134565,6/11/2017,6/13/2017,Second Class,TB-21400,TEC-MA-10001570,385.8,5,0.2,130.21,134565
CA-2017-134565,6/11/2017,6/13/2017,Second Class,TB-21400,OFF-ST-10004804,102.96,2,0,1.03,134565
CA-2017-134565,6/11/2017,6/13/2017,Second Class,TB-21400,FUR-BO-10001519,174.42,3,0,41.86,134565
CA-2016-108644,9/30/2016,10/3/2016,First Class,SJ-20215,OFF-BI-10000343,1.96,2,0.8,-3.24,108644
US-2014-102631,12/13/2014,12/17/2014,Standard Class,EB-13840,FUR-FU-10003930,94.43,3,0.6,-42.49,102631
CA-2015-154970,1/5/2015,1/10/2015,Standard Class,SR-20740,FUR-CH-10003396,61.58,1,0.2,-6.93,154970
CA-2016-113803,3/24/2016,3/26/2016,First Class,VG-21805,OFF-PA-10001994,22.48,1,0,10.34,113803
CA-2017-100223,7/5/2017,7/10/2017,Standard Class,LS-16945,FUR-FU-10003601,332.03,9,0.6,-348.63,100223
CA-2017-100223,7/5/2017,7/10/2017,Standard Class,LS-16945,OFF-BI-10003429,11.39,9,0.8,-17.66,100223
CA-2017-100223,7/5/2017,7/10/2017,Standard Class,LS-16945,OFF-BI-10004492,6.32,1,0.8,-10.42,100223
CA-2014-168823,9/21/2014,9/24/2014,First Class,MA-17560,OFF-LA-10004425,20.81,9,0.2,7.02,168823
CA-2016-162404,7/23/2016,7/27/2016,Standard Class,NF-18475,OFF-BI-10000948,11.42,4,0.8,-18.84,162404
CA-2017-147144,3/26/2017,3/28/2017,First Class,MZ-17335,OFF-AR-10004587,19.83,1,0,5.95,147144
CA-2014-133704,9/20/2014,9/26/2014,Standard Class,MA-17995,OFF-BI-10001636,20.23,3,0.2,6.58,133704
CA-2016-159142,4/4/2016,4/5/2016,First Class,ME-17320,OFF-PA-10001776,27.81,3,0,13.07,159142
CA-2017-117702,11/28/2017,12/4/2017,Standard Class,LS-16975,OFF-AR-10004582,1.64,1,0,0.74,117702
CA-2017-117702,11/28/2017,12/4/2017,Standard Class,LS-16975,FUR-FU-10004270,20.9,5,0,7.52,117702
CA-2016-157336,12/1/2016,12/5/2016,Second Class,SJ-20500,OFF-BI-10004236,88.08,6,0,40.52,157336
CA-2016-157336,12/1/2016,12/5/2016,Second Class,SJ-20500,FUR-CH-10004997,751.92,4,0,150.38,157336
CA-2014-168130,9/19/2014,9/19/2014,Same Day,BS-11365,FUR-CH-10000988,887.1,7,0.1,177.42,168130
CA-2015-155068,10/23/2015,10/23/2015,Same Day,RA-19285,TEC-PH-10004897,55.94,7,0.2,-13.29,155068
CA-2015-155068,10/23/2015,10/23/2015,Same Day,RA-19285,TEC-PH-10004924,11.82,2,0.2,1.03,155068
CA-2017-163160,10/13/2017,10/16/2017,First Class,TS-21610,OFF-BI-10000778,96.78,4,0.8,-145.18,163160
CA-2017-163160,10/13/2017,10/16/2017,First Class,TS-21610,FUR-FU-10001424,10.48,3,0.6,-6.81,163160
CA-2016-124793,3/14/2016,3/16/2016,First Class,MM-18280,FUR-CH-10002880,196.78,2,0.2,-22.14,124793
CA-2017-118367,10/28/2017,11/2/2017,Second Class,LO-17170,OFF-EN-10004386,47.98,2,0,23.99,118367
CA-2017-123351,9/21/2017,9/25/2017,Standard Class,KT-16480,OFF-AP-10001242,80.48,1,0,24.14,123351
CA-2017-110429,11/3/2017,11/8/2017,Standard Class,DM-13015,OFF-BI-10000216,11.67,3,0.7,-7.78,110429
US-2016-131611,11/5/2016,11/9/2016,Standard Class,EP-13915,FUR-TA-10002774,863.13,8,0.3,-160.3,131611
US-2016-131611,11/5/2016,11/9/2016,Standard Class,EP-13915,OFF-BI-10001989,12.59,3,0.8,-20.14,131611
US-2017-124821,6/25/2017,6/29/2017,Second Class,AM-10705,FUR-TA-10000688,871.4,4,0,148.14,124821
CA-2015-166975,11/26/2015,11/30/2015,Standard Class,SH-20635,FUR-FU-10003930,692.47,11,0.2,190.43,166975
CA-2016-123806,11/24/2016,11/27/2016,Second Class,LA-16780,FUR-FU-10000965,207.76,4,0,85.18,123806
CA-2015-142692,10/23/2015,10/28/2015,Standard Class,AG-10495,OFF-BI-10004140,3.59,1,0.2,1.12,142692
CA-2015-123456,7/9/2015,7/13/2015,Standard Class,KN-16450,OFF-AP-10002684,48.63,2,0.8,-121.58,123456
US-2016-107440,4/16/2016,4/20/2016,Standard Class,BS-11365,TEC-MA-10001047,9099.93,7,0,2365.98,107440
US-2016-107440,4/16/2016,4/20/2016,Standard Class,BS-11365,OFF-BI-10002432,25.3,5,0,11.89,107440
CA-2014-166989,11/14/2014,11/18/2014,Standard Class,RM-19675,FUR-CH-10001797,69.26,2,0.1,14.62,166989
CA-2014-103100,12/20/2014,12/23/2014,First Class,AB-10105,OFF-BI-10004600,1103.97,3,0,496.79,103100
CA-2015-105690,11/21/2015,11/26/2015,Second Class,CA-11965,FUR-BO-10003965,246.13,2,0.32,-76.01,105690
CA-2015-105690,11/21/2015,11/26/2015,Second Class,CA-11965,OFF-LA-10000240,11.7,2,0.2,3.95,105690
US-2015-117184,5/17/2015,5/21/2015,Standard Class,ON-18715,OFF-PA-10002250,14.09,3,0.2,4.93,117184
CA-2017-102407,12/9/2017,12/13/2017,Second Class,AT-10435,FUR-TA-10003748,896.33,9,0.2,22.41,102407
CA-2017-102407,12/9/2017,12/13/2017,Second Class,AT-10435,OFF-AP-10001394,189,1,0,68.04,102407
CA-2017-130967,3/10/2017,3/16/2017,Standard Class,EB-13870,TEC-PH-10004896,53.98,3,0.4,-10.8,130967
CA-2017-169124,7/3/2017,7/10/2017,Standard Class,MB-17305,FUR-FU-10001215,129.39,3,0,54.34,169124
CA-2017-117261,9/4/2017,9/10/2017,Standard Class,TH-21235,OFF-ST-10000419,54.32,4,0,0.54,117261
CA-2017-129021,8/23/2017,8/26/2017,Second Class,PO-18850,TEC-PH-10001459,4367.9,13,0.2,327.59,129021
CA-2017-129021,8/23/2017,8/26/2017,Second Class,PO-18850,OFF-AP-10003040,161.38,6,0.2,12.1,129021
CA-2017-129021,8/23/2017,8/26/2017,Second Class,PO-18850,FUR-FU-10001852,2.78,2,0.2,0.42,129021
CA-2016-121601,10/4/2016,10/4/2016,Same Day,MO-17500,OFF-EN-10003862,59.75,7,0.2,19.42,121601
CA-2014-162278,10/26/2014,10/30/2014,Second Class,AH-10585,FUR-FU-10000448,63.92,4,0,3.2,162278
CA-2014-162278,10/26/2014,10/30/2014,Second Class,AH-10585,TEC-PH-10000526,383.96,5,0.2,38.4,162278
CA-2016-161095,6/28/2016,6/28/2016,Same Day,CS-12250,OFF-BI-10002764,7.75,3,0.2,2.81,161095
CA-2014-125829,11/4/2014,11/11/2014,Standard Class,WB-21850,TEC-PH-10001079,666.34,7,0.2,66.63,125829
CA-2014-125829,11/4/2014,11/11/2014,Standard Class,WB-21850,FUR-TA-10002041,573.73,4,0.2,-64.54,125829
CA-2014-125829,11/4/2014,11/11/2014,Standard Class,WB-21850,TEC-MA-10003246,447.97,4,0.2,139.99,125829
CA-2014-123127,9/8/2014,9/12/2014,Standard Class,SP-20620,OFF-AP-10001962,16.78,2,0,4.2,123127
CA-2015-115945,6/25/2015,7/1/2015,Standard Class,AB-10165,OFF-AR-10004062,20.96,2,0,5.24,115945
CA-2015-115945,6/25/2015,7/1/2015,Standard Class,AB-10165,OFF-ST-10001963,304.23,3,0,9.13,115945
CA-2015-136735,7/26/2015,8/2/2015,Standard Class,HA-14920,OFF-EN-10002230,167.86,2,0,78.89,136735
US-2017-136189,12/7/2017,12/11/2017,Standard Class,DC-13285,FUR-FU-10000175,82.38,6,0,25.54,136189
CA-2014-152345,12/29/2014,1/3/2015,Second Class,ST-20530,OFF-ST-10003123,33.29,1,0,7.99,152345
US-2015-147662,2/14/2015,2/19/2015,Standard Class,KB-16315,TEC-PH-10002834,323.98,3,0.4,-81,147662
CA-2016-153346,1/25/2016,1/27/2016,First Class,TB-21355,OFF-AR-10000315,9.21,3,0,2.3,153346
CA-2016-153346,1/25/2016,1/27/2016,First Class,TB-21355,OFF-PA-10000007,18,5,0,8.28,153346
CA-2017-118360,4/1/2017,4/7/2017,Standard Class,JC-15775,OFF-PA-10000791,42.93,9,0,19.32,118360
CA-2015-112375,12/21/2015,12/27/2015,Standard Class,RD-19720,TEC-AC-10003237,50.88,6,0.2,14.63,112375
CA-2015-112375,12/21/2015,12/27/2015,Standard Class,RD-19720,OFF-EN-10003798,27.31,2,0.2,9.22,112375
CA-2015-125234,11/27/2015,12/1/2015,Standard Class,SN-20710,TEC-AC-10000158,107.97,3,0,22.67,125234
CA-2015-125234,11/27/2015,12/1/2015,Standard Class,SN-20710,OFF-PA-10000482,113.82,3,0,53.5,125234
CA-2017-105410,3/19/2017,3/22/2017,First Class,ND-18370,TEC-PH-10000038,657.5,6,0.2,-131.5,105410
CA-2017-105410,3/19/2017,3/22/2017,First Class,ND-18370,TEC-AC-10001552,99.54,2,0,10.95,105410
CA-2016-120355,9/18/2016,9/25/2016,Standard Class,MM-17260,FUR-CH-10001394,631.78,2,0.1,140.4,120355
CA-2016-120355,9/18/2016,9/25/2016,Standard Class,MM-17260,FUR-FU-10004053,60.72,3,0,26.11,120355
CA-2017-169894,11/24/2017,11/29/2017,Second Class,MV-17485,OFF-ST-10000060,415.87,8,0.2,-41.59,169894
US-2017-100482,4/11/2017,4/15/2017,Standard Class,JL-15130,TEC-AC-10003441,27.12,2,0.2,-4.75,100482
CA-2015-155600,12/4/2015,12/7/2015,Second Class,RO-19780,OFF-BI-10000545,1598.06,7,0.7,-1065.37,155600
CA-2015-155600,12/4/2015,12/7/2015,Second Class,RO-19780,OFF-AR-10003752,36.96,4,0.2,12.01,155600
CA-2017-162565,12/11/2017,12/11/2017,Same Day,RR-19315,FUR-FU-10004306,77.72,1,0.6,-66.06,162565
CA-2017-162565,12/11/2017,12/11/2017,Same Day,RR-19315,FUR-CH-10003973,520.46,2,0.3,-14.87,162565
CA-2017-111332,5/20/2017,5/22/2017,Second Class,NC-18340,OFF-AR-10001953,131.94,3,0,35.62,111332
CA-2017-111332,5/20/2017,5/22/2017,Second Class,NC-18340,OFF-ST-10003816,704.76,4,0,162.09,111332
CA-2017-111332,5/20/2017,5/22/2017,Second Class,NC-18340,OFF-FA-10001843,7.41,3,0,3.48,111332
CA-2017-111332,5/20/2017,5/22/2017,Second Class,NC-18340,OFF-AR-10000657,21.5,10,0,7.1,111332
CA-2017-117044,9/11/2017,9/13/2017,Second Class,HA-14920,OFF-FA-10000936,10.53,4,0.2,3.29,117044
CA-2017-117044,9/11/2017,9/13/2017,Second Class,HA-14920,OFF-PA-10003657,20.54,6,0.2,6.42,117044
US-2017-169320,7/23/2017,7/25/2017,Second Class,LH-16900,TEC-AC-10002550,159.75,5,0,11.18,169320
CA-2016-158575,11/18/2016,11/24/2016,Standard Class,SB-20290,OFF-AP-10002998,103.97,6,0.2,16.89,158575
CA-2014-166954,4/25/2014,4/30/2014,Standard Class,BT-11305,FUR-FU-10003708,303.25,5,0,63.68,166954
CA-2014-166954,4/25/2014,4/30/2014,Standard Class,BT-11305,OFF-AP-10001391,270.72,3,0,78.51,166954
CA-2014-166954,4/25/2014,4/30/2014,Standard Class,BT-11305,FUR-CH-10003973,1487.04,5,0.2,148.7,166954
CA-2015-140830,11/30/2015,12/2/2015,Second Class,PS-18970,OFF-EN-10002831,71.88,2,0,32.35,140830
CA-2015-152891,10/25/2015,10/30/2015,Standard Class,TB-21625,FUR-TA-10001857,253.18,3,0.2,-31.65,152891
US-2015-122784,7/20/2015,7/27/2015,Standard Class,RA-19915,FUR-BO-10004690,384.94,4,0.3,-126.48,122784
US-2015-122784,7/20/2015,7/27/2015,Standard Class,RA-19915,FUR-BO-10002545,913.43,5,0.3,-52.2,122784
CA-2017-111556,11/20/2017,11/22/2017,First Class,CD-11920,FUR-BO-10003159,183.97,2,0.2,-25.3,111556
CA-2017-111556,11/20/2017,11/22/2017,First Class,CD-11920,TEC-PH-10001459,1259.97,3,0,327.59,111556
CA-2017-111556,11/20/2017,11/22/2017,First Class,CD-11920,OFF-AR-10004602,68.97,3,0,19.31,111556
CA-2016-108868,9/8/2016,9/12/2016,Standard Class,KB-16585,TEC-PH-10000923,59.96,5,0.2,21.74,108868
CA-2014-142965,7/20/2014,7/20/2014,Same Day,SW-20245,OFF-ST-10002583,25.98,1,0.2,-5.2,142965
CA-2014-142965,7/20/2014,7/20/2014,Same Day,SW-20245,OFF-BI-10000977,27.36,3,0.7,-21.89,142965
CA-2016-148740,11/15/2016,11/19/2016,Standard Class,AH-10690,TEC-PH-10002549,361.38,2,0.2,27.1,148740
US-2014-138758,7/7/2014,7/11/2014,Standard Class,JL-15835,FUR-CH-10002880,172.19,2,0.3,-46.74,138758
US-2014-138758,7/7/2014,7/11/2014,Standard Class,JL-15835,FUR-FU-10003039,69.01,2,0.2,12.08,138758
CA-2016-131737,3/17/2016,3/17/2016,Same Day,GZ-14470,OFF-EN-10003055,199.9,5,0,89.96,131737
CA-2016-131737,3/17/2016,3/17/2016,Same Day,GZ-14470,OFF-AP-10002945,901.95,3,0,297.64,131737
CA-2016-131737,3/17/2016,3/17/2016,Same Day,GZ-14470,FUR-FU-10004306,971.5,5,0,252.59,131737
CA-2016-114538,12/26/2016,12/27/2016,First Class,RC-19825,OFF-AR-10002445,11.33,2,0.2,2.55,114538
CA-2014-127936,9/2/2014,9/4/2014,First Class,CL-12565,OFF-AR-10002445,21.24,3,0,8.07,127936
CA-2015-164336,7/5/2015,7/10/2015,Standard Class,MW-18220,TEC-AC-10002345,34.8,3,0.2,2.18,164336
CA-2016-100041,11/20/2016,11/25/2016,Standard Class,BF-10975,OFF-PA-10001622,9.08,2,0,4.09,100041
CA-2016-100041,11/20/2016,11/25/2016,Standard Class,BF-10975,OFF-BI-10000343,4.91,1,0,2.31,100041
CA-2014-130624,6/21/2014,6/24/2014,First Class,TB-21280,OFF-AP-10001303,59.7,3,0,26.86,130624
CA-2017-132339,8/19/2017,8/23/2017,Standard Class,JB-15400,OFF-BI-10003925,387.99,1,0,182.36,132339
CA-2014-153983,11/29/2014,12/6/2014,Standard Class,AH-10210,OFF-FA-10003495,30.4,5,0,15.2,153983
CA-2017-112900,4/9/2017,4/12/2017,Second Class,KL-16645,OFF-BI-10002867,478.24,8,0,219.99,112900
CA-2014-160157,12/20/2014,12/27/2014,Standard Class,MH-17455,FUR-FU-10003773,190.85,3,0.2,-21.47,160157
CA-2014-139633,12/17/2014,12/24/2014,Standard Class,EC-14050,OFF-BI-10002954,5.48,4,0.7,-4.02,139633
CA-2015-163090,11/17/2015,11/21/2015,Second Class,GH-14665,OFF-SU-10002537,40.92,5,0.2,3.07,163090
CA-2017-159464,5/18/2017,5/19/2017,First Class,TB-21355,OFF-AP-10001492,17.24,2,0,4.48,159464
CA-2017-159464,5/18/2017,5/19/2017,First Class,TB-21355,FUR-BO-10003546,302.94,3,0,75.74,159464
CA-2017-159464,5/18/2017,5/19/2017,First Class,TB-21355,TEC-PH-10002185,34.75,5,0,15.64,159464
CA-2017-159464,5/18/2017,5/19/2017,First Class,TB-21355,OFF-BI-10000315,113.94,6,0,54.69,159464
US-2017-103226,9/22/2017,9/28/2017,Standard Class,DW-13195,OFF-PA-10002666,27.18,3,0,12.23,103226
CA-2017-119452,3/21/2017,3/27/2017,Standard Class,CL-12565,FUR-CH-10004495,1805.88,6,0,523.71,119452
CA-2016-168893,11/3/2016,11/8/2016,Second Class,AP-10915,OFF-FA-10002280,20,4,0,9.6,168893
CA-2016-168893,11/3/2016,11/8/2016,Second Class,AP-10915,OFF-AR-10001770,7.98,3,0,2.07,168893
CA-2016-168893,11/3/2016,11/8/2016,Second Class,AP-10915,OFF-AR-10003772,8.75,1,0,2.62,168893
CA-2016-168893,11/3/2016,11/8/2016,Second Class,AP-10915,FUR-TA-10003392,842.94,3,0,160.16,168893
CA-2016-163398,5/3/2016,5/8/2016,Standard Class,CB-12415,OFF-BI-10000014,2.18,1,0.8,-3.6,163398
CA-2016-163398,5/3/2016,5/8/2016,Standard Class,CB-12415,OFF-AR-10003217,27.38,7,0.2,2.74,163398
CA-2016-163398,5/3/2016,5/8/2016,Standard Class,CB-12415,OFF-AP-10002403,26.41,3,0.8,-71.3,163398
US-2016-111290,7/22/2016,7/26/2016,Standard Class,DK-13375,TEC-AC-10004975,109.95,1,0,36.28,111290
US-2016-111290,7/22/2016,7/26/2016,Standard Class,DK-13375,OFF-ST-10001932,965.85,5,0,135.22,111290
US-2014-147704,11/16/2014,11/21/2014,Standard Class,SR-20740,OFF-ST-10000675,169.45,5,0,42.36,147704
CA-2016-147137,7/4/2016,7/6/2016,First Class,AA-10645,FUR-FU-10000221,25.4,5,0,8.64,147137
CA-2016-147137,7/4/2016,7/6/2016,First Class,AA-10645,OFF-EN-10003567,43.96,2,0,20.66,147137
CA-2016-147137,7/4/2016,7/6/2016,First Class,AA-10645,FUR-BO-10001811,1279.16,5,0.15,225.74,147137
CA-2016-147137,7/4/2016,7/6/2016,First Class,AA-10645,OFF-ST-10002486,27.92,4,0,0.56,147137
CA-2017-105851,3/13/2017,3/20/2017,Standard Class,SE-20110,OFF-SU-10002881,1332.5,2,0.2,-299.81,105851
US-2017-125717,9/28/2017,10/1/2017,First Class,DS-13030,FUR-FU-10001979,32.78,1,0.2,3.28,125717
US-2017-125717,9/28/2017,10/1/2017,First Class,DS-13030,OFF-AP-10000891,209.79,2,0.2,26.22,125717
CA-2017-168641,11/24/2017,12/1/2017,Standard Class,KA-16525,OFF-AR-10003759,16.38,9,0,7.37,168641
CA-2017-156895,5/8/2017,5/12/2017,Standard Class,DJ-13510,FUR-CH-10003535,128.06,3,0.3,-23.78,156895
CA-2017-121300,9/29/2017,9/29/2017,Same Day,MG-17680,FUR-FU-10004586,21.25,4,0.2,7.44,121300
CA-2017-130211,10/22/2017,10/22/2017,Same Day,BD-11620,OFF-ST-10000129,333.09,3,0,23.32,130211
CA-2017-130211,10/22/2017,10/22/2017,Same Day,BD-11620,FUR-TA-10003748,248.98,2,0,54.78,130211
CA-2016-109365,11/3/2016,11/8/2016,Standard Class,XP-21865,OFF-AP-10002998,43.32,2,0,14.3,109365
CA-2016-109365,11/3/2016,11/8/2016,Standard Class,XP-21865,OFF-BI-10002071,9.3,2,0.2,3.02,109365
CA-2015-162621,9/5/2015,9/11/2015,Standard Class,CA-12055,OFF-BI-10000962,16.27,5,0.8,-25.22,162621
CA-2015-162621,9/5/2015,9/11/2015,Standard Class,CA-12055,OFF-SU-10003567,69.12,9,0.2,-14.69,162621
CA-2015-162621,9/5/2015,9/11/2015,Standard Class,CA-12055,OFF-BI-10003708,4.47,3,0.8,-7.82,162621
CA-2017-105921,8/14/2017,8/21/2017,Standard Class,JM-15250,FUR-TA-10001095,418.3,3,0.2,5.23,105921
CA-2014-150798,12/1/2014,12/3/2014,Second Class,JK-15730,TEC-CO-10001571,659.99,2,0.4,110,150798
CA-2014-150798,12/1/2014,12/3/2014,Second Class,JK-15730,FUR-FU-10000221,8.13,2,0.2,1.42,150798
CA-2014-150798,12/1/2014,12/3/2014,Second Class,JK-15730,FUR-CH-10000015,909.72,6,0.3,-51.98,150798
CA-2017-112753,6/18/2017,6/23/2017,Standard Class,CC-12670,FUR-BO-10004015,917.92,9,0.15,75.59,112753
CA-2017-155075,12/2/2017,12/9/2017,Standard Class,GW-14605,OFF-BI-10003650,631.18,4,0.7,-462.86,155075
CA-2014-116757,6/30/2014,7/4/2014,Standard Class,MS-17980,OFF-FA-10002815,21.31,6,0.2,7.19,116757
US-2014-138247,12/24/2014,12/29/2014,Standard Class,BF-11170,TEC-PH-10000213,173.66,7,0.2,17.37,138247
US-2014-138247,12/24/2014,12/29/2014,Standard Class,BF-11170,TEC-AC-10004708,62.85,3,0,13.2,138247
US-2014-138247,12/24/2014,12/29/2014,Standard Class,BF-11170,TEC-PH-10001530,818.38,3,0.2,51.15,138247
CA-2016-119935,11/10/2016,11/14/2016,Standard Class,KM-16225,FUR-FU-10001085,37.3,2,0,17.16,119935
CA-2016-119935,11/10/2016,11/14/2016,Standard Class,KM-16225,OFF-BI-10001597,81.96,2,0,39.34,119935
CA-2016-118969,10/2/2016,10/3/2016,First Class,LP-17095,OFF-BI-10002429,54.79,6,0.7,-40.18,118969
CA-2016-145240,9/6/2016,9/8/2016,First Class,BG-11740,OFF-ST-10001590,10.78,1,0.2,0.81,145240
CA-2016-120873,10/27/2016,11/1/2016,Second Class,BW-11200,FUR-CH-10000847,290.98,1,0,75.65,120873
US-2016-128678,9/15/2016,9/20/2016,Standard Class,RB-19570,OFF-BI-10002103,48.66,7,0.2,15.82,128678
CA-2016-101385,9/25/2016,10/1/2016,Standard Class,JW-16075,OFF-AR-10004441,16.56,4,0,6.96,101385
CA-2017-107167,6/10/2017,6/14/2017,Standard Class,ND-18460,OFF-ST-10003805,1347.52,8,0.2,84.22,107167
CA-2017-105445,2/20/2017,2/25/2017,Second Class,BP-11095,OFF-FA-10001229,9.43,3,0.2,3.07,105445
CA-2014-107454,11/2/2014,11/6/2014,Standard Class,RD-19720,FUR-FU-10004018,89.34,6,0,24.12,107454
US-2017-105046,7/17/2017,7/23/2017,Standard Class,BE-11335,TEC-PH-10004536,269.98,2,0,67.5,105046
US-2017-105046,7/17/2017,7/23/2017,Standard Class,BE-11335,OFF-PA-10004353,99.9,5,0,47.95,105046
US-2017-105046,7/17/2017,7/23/2017,Standard Class,BE-11335,FUR-FU-10004848,39.08,4,0,14.46,105046
CA-2017-152856,9/8/2017,9/10/2017,Second Class,RS-19765,TEC-AC-10004864,116.83,4,0.2,33.59,152856
CA-2016-134691,11/14/2016,11/18/2016,Standard Class,KC-16540,OFF-BI-10002393,2.3,2,0.8,-3.9,134691
CA-2016-118759,11/14/2016,11/17/2016,First Class,MB-17305,OFF-ST-10001590,40.44,3,0,10.51,118759
CA-2017-138464,7/8/2017,7/12/2017,Standard Class,VF-21715,FUR-FU-10003142,15.84,3,0,4.91,138464
CA-2015-104129,2/27/2015,3/2/2015,Standard Class,ES-14080,FUR-TA-10004152,493.92,7,0.3,-28.22,104129
US-2017-132206,6/16/2017,6/21/2017,Standard Class,MK-17905,OFF-BI-10000756,5.94,7,0.8,-8.9,132206
CA-2017-113474,3/30/2017,3/31/2017,First Class,TM-21490,OFF-EN-10004206,325.86,2,0,149.9,113474
CA-2015-126557,7/12/2015,7/17/2015,Second Class,RL-19615,TEC-PH-10000526,537.54,7,0.2,53.75,126557
CA-2015-126557,7/12/2015,7/17/2015,Second Class,RL-19615,OFF-BI-10003314,1.93,2,0.8,-2.99,126557
CA-2015-126557,7/12/2015,7/17/2015,Second Class,RL-19615,FUR-FU-10001861,7.76,1,0.6,-2.13,126557
CA-2015-126557,7/12/2015,7/17/2015,Second Class,RL-19615,TEC-PH-10003963,659.17,4,0.2,49.44,126557
US-2014-165862,7/13/2014,7/17/2014,Standard Class,GK-14620,FUR-TA-10002855,351.22,3,0.2,4.39,165862
CA-2016-101448,2/27/2016,3/1/2016,Second Class,EB-13930,OFF-BI-10004738,56.82,3,0,28.41,101448
US-2017-117331,10/21/2017,10/28/2017,Standard Class,ND-18370,OFF-BI-10003984,8.56,1,0.7,-6.56,117331
CA-2014-110219,5/5/2014,5/8/2014,First Class,EB-13870,FUR-CH-10001146,127.87,3,0.3,-9.13,110219
CA-2015-118871,12/4/2015,12/9/2015,Second Class,HM-14860,OFF-EN-10003296,271.44,3,0,122.15,118871
CA-2015-118871,12/4/2015,12/9/2015,Second Class,HM-14860,TEC-PH-10000193,110.35,3,0.2,8.28,118871
CA-2015-118871,12/4/2015,12/9/2015,Second Class,HM-14860,FUR-FU-10002111,36.4,5,0,13.83,118871
CA-2017-129490,9/26/2017,9/30/2017,Standard Class,SJ-20125,FUR-CH-10003298,419.14,4,0.2,-57.63,129490
US-2017-149510,12/3/2017,12/10/2017,Standard Class,MC-17575,OFF-BI-10004233,28.78,6,0.7,-21.11,149510
US-2015-152128,5/25/2015,5/27/2015,Second Class,NM-18445,OFF-BI-10001718,127.96,2,0,60.14,152128
CA-2016-139395,12/12/2016,12/18/2016,Standard Class,MG-17650,FUR-FU-10003724,33.48,4,0,8.7,139395
CA-2016-139395,12/12/2016,12/18/2016,Standard Class,MG-17650,OFF-ST-10000885,26.86,2,0,6.72,139395
CA-2015-110947,6/9/2015,6/15/2015,Standard Class,AG-10765,OFF-BI-10001670,113.1,3,0,56.55,110947
US-2014-150126,7/27/2014,8/2/2014,Standard Class,AS-10045,OFF-PA-10002709,65.78,11,0,32.23,150126
CA-2015-164427,7/31/2015,8/6/2015,Standard Class,AR-10405,TEC-AC-10004469,239.7,6,0,105.47,164427
CA-2016-120250,9/19/2016,9/22/2016,First Class,AP-10720,FUR-FU-10003424,25.63,3,0.2,3.84,120250
CA-2016-121993,6/10/2016,6/12/2016,First Class,JB-16000,OFF-LA-10003720,23.62,8,0.2,7.97,121993
US-2017-163790,11/2/2017,11/4/2017,Second Class,NL-18310,OFF-EN-10001335,76.58,7,0,38.29,163790
US-2017-163790,11/2/2017,11/4/2017,Second Class,NL-18310,OFF-AR-10003469,8.8,5,0,4.22,163790
US-2017-163790,11/2/2017,11/4/2017,Second Class,NL-18310,OFF-BI-10003718,590.35,6,0.2,206.62,163790
US-2017-163790,11/2/2017,11/4/2017,Second Class,NL-18310,FUR-FU-10002508,25.02,3,0,10.51,163790
US-2017-163790,11/2/2017,11/4/2017,Second Class,NL-18310,OFF-ST-10001511,452.55,7,0,22.63,163790
CA-2016-129868,12/26/2016,12/31/2016,Standard Class,MC-18130,FUR-TA-10003473,902.71,3,0.2,33.85,129868
CA-2016-129868,12/26/2016,12/31/2016,Standard Class,MC-18130,OFF-AR-10001897,53.97,3,0,15.11,129868
CA-2016-140564,12/5/2016,12/10/2016,Second Class,TC-21475,OFF-AR-10000034,33.92,8,0,13.23,140564
US-2017-169502,8/28/2017,9/1/2017,Standard Class,MG-17650,OFF-SU-10004115,21.81,3,0,5.89,169502
US-2017-169502,8/28/2017,9/1/2017,Standard Class,MG-17650,OFF-AP-10001947,91.6,5,0,26.56,169502
CA-2015-146948,7/16/2015,7/20/2015,Standard Class,MG-17890,FUR-CH-10004853,150.98,1,0,43.78,146948
CA-2015-146948,7/16/2015,7/20/2015,Standard Class,MG-17890,OFF-EN-10000483,137.25,9,0,63.14,146948
US-2015-113327,5/26/2015,5/29/2015,Second Class,BF-11170,OFF-PA-10003790,18.27,1,0.2,5.94,113327
US-2015-113327,5/26/2015,5/29/2015,Second Class,BF-11170,OFF-PA-10003134,153.73,4,0.2,53.8,113327
US-2015-113327,5/26/2015,5/29/2015,Second Class,BF-11170,TEC-AC-10003628,167.94,7,0.2,50.38,113327
CA-2015-135020,5/28/2015,6/2/2015,Standard Class,MS-17770,TEC-PH-10004093,45.99,1,0,13.34,135020
CA-2015-135020,5/28/2015,6/2/2015,Standard Class,MS-17770,OFF-ST-10001490,535.41,3,0,160.62,135020
CA-2016-109407,1/24/2016,1/26/2016,Second Class,HG-14965,OFF-BI-10000285,31.36,4,0,15.68,109407
US-2017-165953,12/31/2016,1/6/2017,Standard Class,EP-13915,OFF-PA-10002250,23.48,5,0.2,8.22,165953
CA-2016-144540,9/5/2016,9/10/2016,Standard Class,GH-14410,OFF-AP-10002457,62.79,3,0.8,-166.39,144540
CA-2015-159863,9/4/2015,9/7/2015,Second Class,DS-13180,TEC-AC-10000109,134.38,3,0.2,6.72,159863
CA-2015-117800,9/21/2015,9/26/2015,Standard Class,TH-21550,TEC-PH-10002415,589.9,2,0,147.48,117800
CA-2017-145219,12/24/2017,12/25/2017,First Class,RM-19675,TEC-CO-10001449,2879.95,6,0.2,1007.98,145219
CA-2017-145219,12/24/2017,12/25/2017,First Class,RM-19675,OFF-BI-10001670,90.48,3,0.2,33.93,145219
CA-2015-161214,10/5/2015,10/8/2015,Second Class,SF-20965,OFF-ST-10001328,77.55,5,0,21.71,161214
CA-2017-147228,9/9/2017,9/14/2017,Standard Class,SO-20335,OFF-SU-10001225,8.83,3,0.2,-1.99,147228
CA-2017-147228,9/9/2017,9/14/2017,Standard Class,SO-20335,OFF-PA-10000357,177.54,4,0.2,62.14,147228
CA-2017-147228,9/9/2017,9/14/2017,Standard Class,SO-20335,OFF-ST-10000046,258.48,2,0.2,-3.23,147228
CA-2016-101336,11/13/2016,11/18/2016,Standard Class,CK-12760,OFF-ST-10000876,24.88,2,0,6.97,101336
CA-2016-101336,11/13/2016,11/18/2016,Standard Class,CK-12760,OFF-AR-10003582,140.75,5,0,39.41,101336
CA-2017-168396,8/3/2017,8/8/2017,Second Class,BD-11725,FUR-FU-10000723,123.96,3,0,11.16,168396
CA-2015-130456,8/21/2015,8/26/2015,Standard Class,DS-13180,FUR-BO-10003893,586.4,6,0.15,34.49,130456
CA-2016-102162,9/11/2016,9/16/2016,Standard Class,JF-15565,TEC-CO-10001943,1599.92,8,0,751.96,102162
CA-2016-102162,9/11/2016,9/16/2016,Standard Class,JF-15565,OFF-EN-10002312,11.09,1,0,5.43,102162
CA-2016-143910,8/12/2016,8/16/2016,Standard Class,BC-11125,FUR-CH-10000225,145.76,2,0.1,-8.1,143910
CA-2014-146885,5/30/2014,6/5/2014,Standard Class,EB-13840,OFF-PA-10001622,13.62,3,0,6.13,146885
CA-2016-139556,4/26/2016,5/1/2016,Standard Class,DB-13360,FUR-CH-10004983,434.65,3,0.1,62.78,139556
CA-2017-129357,5/14/2017,5/19/2017,Standard Class,KB-16585,OFF-PA-10003228,440.19,9,0,206.89,129357
CA-2017-129357,5/14/2017,5/19/2017,Standard Class,KB-16585,OFF-SU-10004498,64.4,5,0,1.93,129357
CA-2017-150987,4/8/2017,4/12/2017,Standard Class,AH-10120,OFF-PA-10002923,195.76,4,0,97.88,150987
CA-2017-132647,2/17/2017,2/23/2017,Standard Class,GH-14410,OFF-ST-10003123,166.45,5,0,39.95,132647
CA-2014-160738,5/5/2014,5/10/2014,Standard Class,KH-16330,OFF-ST-10003442,45.25,2,0.2,3.96,160738
CA-2015-112130,5/3/2015,5/7/2015,Standard Class,SV-20785,OFF-AR-10001468,59.9,2,0.2,14.23,112130
CA-2015-112130,5/3/2015,5/7/2015,Standard Class,SV-20785,OFF-AP-10003622,18.2,7,0.2,2.05,112130
CA-2015-112130,5/3/2015,5/7/2015,Standard Class,SV-20785,OFF-ST-10000563,76.75,3,0.2,-9.59,112130
CA-2016-111409,9/18/2016,9/22/2016,Standard Class,PO-18850,OFF-LA-10002787,3,1,0.2,1.05,111409
CA-2016-116232,9/22/2016,9/26/2016,Standard Class,AC-10450,OFF-BI-10004022,7.51,9,0.7,-6,116232
CA-2016-116547,1/10/2016,1/17/2016,Standard Class,KB-16585,TEC-AC-10002335,69.98,2,0,13.3,116547
US-2017-133200,5/6/2017,5/11/2017,Standard Class,DB-13555,OFF-BI-10002827,11.06,10,0.8,-18.8,133200
US-2017-133200,5/6/2017,5/11/2017,Standard Class,DB-13555,FUR-BO-10001601,623.46,7,0.32,-119.19,133200
US-2017-133200,5/6/2017,5/11/2017,Standard Class,DB-13555,OFF-ST-10001932,772.68,5,0.2,-57.95,133200
CA-2016-133550,7/31/2016,8/6/2016,Standard Class,KL-16645,OFF-AP-10001005,283.14,4,0.1,72.36,133550
CA-2016-133550,7/31/2016,8/6/2016,Standard Class,KL-16645,TEC-PH-10004042,635.96,4,0,165.35,133550
CA-2016-133550,7/31/2016,8/6/2016,Standard Class,KL-16645,TEC-PH-10001079,118.99,1,0,33.32,133550
CA-2014-114510,3/14/2014,3/19/2014,Standard Class,JF-15295,OFF-BI-10001617,33.09,4,0.2,11.17,114510
CA-2014-114510,3/14/2014,3/19/2014,Standard Class,JF-15295,OFF-BI-10003007,62.05,2,0.2,20.17,114510
CA-2016-169215,7/14/2016,7/18/2016,Second Class,RE-19450,OFF-FA-10000936,29.61,9,0,13.32,169215
CA-2016-127698,12/1/2016,12/1/2016,Same Day,MV-18190,TEC-PH-10003811,863.93,9,0.2,86.39,127698
CA-2016-159912,8/29/2016,9/3/2016,Standard Class,GB-14530,FUR-TA-10004152,241.92,4,0.4,-56.45,159912
CA-2016-159912,8/29/2016,9/3/2016,Standard Class,GB-14530,FUR-BO-10002853,163.88,4,0.5,-81.94,159912
CA-2016-159912,8/29/2016,9/3/2016,Standard Class,GB-14530,OFF-BI-10002071,3.49,2,0.7,-2.79,159912
CA-2016-101987,6/24/2016,6/30/2016,Standard Class,HL-15040,TEC-PH-10001305,440.91,9,0,123.45,101987
US-2017-154851,3/30/2017,4/3/2017,Standard Class,BP-11155,OFF-BI-10001525,5.72,5,0.7,-4.76,154851
CA-2014-138681,12/20/2014,12/22/2014,First Class,CT-11995,FUR-FU-10001876,51.97,2,0.2,10.39,138681
US-2015-138121,12/17/2015,12/17/2015,Same Day,JL-15835,OFF-BI-10000320,29.52,4,0,14.46,138121
US-2015-138121,12/17/2015,12/17/2015,Same Day,JL-15835,FUR-CH-10004875,142.36,2,0,38.44,138121
US-2015-138121,12/17/2015,12/17/2015,Same Day,JL-15835,FUR-CH-10003817,546.66,9,0,136.66,138121
US-2015-138121,12/17/2015,12/17/2015,Same Day,JL-15835,FUR-FU-10002116,212.13,3,0,14.85,138121
CA-2017-140298,5/11/2017,5/17/2017,Standard Class,JK-16120,OFF-ST-10004180,74.42,2,0.2,-14.88,140298
CA-2017-140298,5/11/2017,5/17/2017,Standard Class,JK-16120,FUR-FU-10001967,8,1,0.6,-7,140298
CA-2016-166240,6/24/2016,6/28/2016,Standard Class,DH-13075,OFF-AP-10002082,8.71,2,0.8,-19.6,166240
CA-2016-158435,5/17/2016,5/18/2016,First Class,AG-10900,OFF-SU-10000381,65.17,7,0,18.9,158435
CA-2016-158435,5/17/2016,5/18/2016,First Class,AG-10900,FUR-FU-10003975,173.24,4,0,17.32,158435
CA-2017-138149,6/29/2017,6/30/2017,First Class,WB-21850,OFF-ST-10002974,130.71,3,0,39.21,138149
CA-2014-112403,3/31/2014,3/31/2014,Same Day,JO-15280,OFF-BI-10003529,0.85,1,0.7,-0.6,112403
CA-2014-108273,12/16/2014,12/21/2014,Standard Class,EJ-13720,FUR-FU-10002116,56.57,2,0.6,-74.95,108273
CA-2017-121643,5/18/2017,5/20/2017,First Class,AB-10105,TEC-PH-10002200,344.7,2,0.2,38.78,121643
CA-2017-143126,12/3/2017,12/7/2017,Second Class,CM-12655,FUR-TA-10002958,521.96,2,0,88.73,143126
CA-2015-129042,12/12/2015,12/17/2015,Standard Class,EM-13960,OFF-AR-10001662,8.22,3,0,2.22,129042
CA-2015-142601,4/18/2015,4/20/2015,Second Class,DE-13255,OFF-ST-10002756,947.17,7,0,9.47,142601
CA-2014-106229,6/7/2014,6/11/2014,Second Class,NR-18550,FUR-TA-10002041,268.94,3,0.5,-209.77,106229
US-2017-135230,9/1/2017,9/7/2017,Standard Class,CK-12325,OFF-AR-10001166,7.58,1,0,2.96,135230
CA-2016-131968,11/11/2016,11/15/2016,Standard Class,LB-16795,OFF-BI-10002852,9.89,2,0.7,-6.92,131968
CA-2016-131968,11/11/2016,11/15/2016,Standard Class,LB-16795,OFF-AP-10001058,671.54,3,0.2,50.37,131968
CA-2014-119151,11/25/2014,11/29/2014,Second Class,MP-18175,FUR-BO-10003159,275.95,3,0.2,-37.94,119151
CA-2014-123323,11/7/2014,11/12/2014,Standard Class,LH-16900,OFF-BI-10003684,123.14,7,0.2,46.18,123323
CA-2016-124681,7/18/2016,7/23/2016,Second Class,SV-20935,TEC-AC-10000487,15.58,3,0.2,3.31,124681
US-2015-103996,3/29/2015,3/31/2015,Second Class,RB-19435,OFF-PA-10001736,212.64,6,0,99.94,103996
US-2015-103996,3/29/2015,3/31/2015,Second Class,RB-19435,OFF-PA-10001609,9.87,3,0,4.54,103996
US-2015-103996,3/29/2015,3/31/2015,Second Class,RB-19435,TEC-AC-10003116,53.25,3,0,20.77,103996
CA-2016-120530,4/7/2016,4/12/2016,Standard Class,Dl-13600,FUR-CH-10000454,658.75,3,0.1,146.39,120530
CA-2015-155054,6/13/2015,6/19/2015,Standard Class,PS-19045,OFF-BI-10002824,29.84,2,0,13.43,155054
CA-2015-155054,6/13/2015,6/19/2015,Standard Class,PS-19045,TEC-AC-10003657,67.98,2,0,14.96,155054
CA-2015-105725,2/18/2015,2/24/2015,Standard Class,GT-14755,OFF-LA-10003510,61.06,2,0,28.09,105725
CA-2015-105725,2/18/2015,2/24/2015,Standard Class,GT-14755,FUR-TA-10001676,35.54,1,0.2,-0.89,105725
CA-2017-168123,3/5/2017,3/5/2017,Same Day,JD-16060,OFF-ST-10000877,221.16,4,0,57.5,168123
CA-2017-168123,3/5/2017,3/5/2017,Same Day,JD-16060,OFF-BI-10001097,18.69,3,0,9.16,168123
CA-2016-120005,3/3/2016,3/3/2016,Same Day,TS-21160,OFF-SU-10004782,25.35,3,0,7.6,120005
CA-2017-103499,11/20/2017,11/24/2017,Standard Class,ES-14020,FUR-CH-10001482,209.57,2,0.2,-23.58,103499
CA-2017-169817,9/21/2017,9/25/2017,Standard Class,EB-13870,OFF-BI-10004141,1.91,2,0.7,-1.53,169817
US-2017-144582,4/30/2017,5/5/2017,Standard Class,TC-21475,OFF-BI-10001575,43.37,7,0.8,-69.4,144582
CA-2014-121573,11/3/2014,11/7/2014,Standard Class,SG-20605,OFF-BI-10003712,7.86,2,0.2,2.85,121573
CA-2016-117660,12/30/2016,1/4/2017,Standard Class,BM-11785,OFF-SU-10001664,13.71,2,0.2,1.03,117660
CA-2017-123701,11/24/2017,11/27/2017,First Class,PG-18820,OFF-AR-10001860,27.76,4,0,9.99,123701
CA-2015-123155,3/9/2015,3/12/2015,First Class,NS-18640,TEC-AC-10002473,113.52,5,0.2,29.8,123155
CA-2015-123155,3/9/2015,3/12/2015,First Class,NS-18640,TEC-PH-10001809,359.88,3,0.2,22.49,123155
US-2014-167262,10/31/2014,11/3/2014,Second Class,AC-10450,TEC-PH-10000486,742.34,8,0.2,83.51,167262
CA-2017-119746,11/23/2017,11/27/2017,Standard Class,CM-12385,FUR-FU-10004909,6.46,1,0.6,-4.04,119746
CA-2016-101630,2/19/2016,2/23/2016,Second Class,CK-12760,OFF-SU-10001664,25.71,3,0,6.68,101630
CA-2017-132346,11/7/2017,11/11/2017,Standard Class,PK-19075,OFF-AP-10000696,100.94,7,0,33.31,132346
CA-2014-150301,7/8/2014,7/10/2014,First Class,MH-18025,FUR-CH-10002647,63.88,1,0.1,10.65,150301
CA-2014-159310,11/7/2014,11/12/2014,Standard Class,SC-20725,FUR-CH-10002758,683.14,4,0.3,0,159310
CA-2014-159310,11/7/2014,11/12/2014,Standard Class,SC-20725,OFF-BI-10000201,1.48,3,0.8,-2.21,159310
CA-2014-159310,11/7/2014,11/12/2014,Standard Class,SC-20725,OFF-SU-10004115,40.71,7,0.2,3.56,159310
CA-2015-104346,12/11/2015,12/16/2015,Standard Class,IM-15070,FUR-BO-10003450,69.58,4,0.7,-143.79,104346
CA-2015-104346,12/11/2015,12/16/2015,Standard Class,IM-15070,TEC-AC-10004396,58.08,4,0.2,-6.53,104346
CA-2015-104346,12/11/2015,12/16/2015,Standard Class,IM-15070,FUR-FU-10002456,52.42,9,0.2,15.07,104346
CA-2015-104346,12/11/2015,12/16/2015,Standard Class,IM-15070,FUR-FU-10001473,54.92,5,0.2,10.98,104346
CA-2015-104346,12/11/2015,12/16/2015,Standard Class,IM-15070,FUR-TA-10000849,364.95,5,0.5,-248.17,104346
CA-2015-104346,12/11/2015,12/16/2015,Standard Class,IM-15070,OFF-PA-10003256,27.7,3,0.2,9.69,104346
CA-2015-144722,3/16/2015,3/23/2015,Standard Class,MF-18250,FUR-FU-10001215,43.13,1,0,18.11,144722
US-2016-148901,5/14/2016,5/19/2016,Standard Class,MK-17905,OFF-BI-10001718,57.58,3,0.7,-44.15,148901
US-2016-148901,5/14/2016,5/19/2016,Standard Class,MK-17905,FUR-FU-10002396,30.19,3,0.2,8.3,148901
US-2016-148901,5/14/2016,5/19/2016,Standard Class,MK-17905,TEC-PH-10003988,43.6,5,0.2,4.36,148901
US-2016-148901,5/14/2016,5/19/2016,Standard Class,MK-17905,OFF-BI-10004002,10.38,2,0.7,-7.61,148901
CA-2017-136364,7/13/2017,7/17/2017,Second Class,MH-17455,TEC-PH-10003885,39.59,1,0.4,-7.26,136364
CA-2017-136364,7/13/2017,7/17/2017,Second Class,MH-17455,FUR-FU-10002501,91.01,9,0.2,19.34,136364
CA-2015-137708,11/22/2015,11/25/2015,Second Class,NG-18430,OFF-PA-10000327,42.8,10,0,19.26,137708
CA-2014-149055,11/23/2014,11/28/2014,Standard Class,PB-19210,OFF-EN-10003040,62.81,3,0.2,21.2,149055
CA-2015-151589,12/27/2015,12/30/2015,First Class,RE-19450,OFF-PA-10003228,195.64,4,0,91.95,151589
CA-2015-151589,12/27/2015,12/30/2015,First Class,RE-19450,TEC-PH-10004345,239.9,2,0,71.97,151589
CA-2016-121370,11/14/2016,11/19/2016,Second Class,EB-14110,FUR-CH-10000785,380.06,3,0.3,-21.72,121370
CA-2016-121370,11/14/2016,11/19/2016,Second Class,EB-14110,FUR-FU-10002813,48.58,3,0.2,9.72,121370
CA-2014-139598,12/26/2014,12/31/2014,Standard Class,MG-17695,OFF-PA-10004569,18.26,3,0.2,6.16,139598
CA-2014-139598,12/26/2014,12/31/2014,Standard Class,MG-17695,OFF-AP-10002998,34.66,2,0.2,5.63,139598
CA-2014-139598,12/26/2014,12/31/2014,Standard Class,MG-17695,OFF-AP-10003287,81.55,2,0.2,8.16,139598
CA-2014-139598,12/26/2014,12/31/2014,Standard Class,MG-17695,OFF-ST-10001370,227.14,4,0.2,-42.59,139598
CA-2017-117436,6/8/2017,6/14/2017,Standard Class,LW-17125,OFF-BI-10004040,10.36,2,0,5.08,117436
CA-2015-140025,4/7/2015,4/11/2015,Standard Class,PF-19120,OFF-AP-10002651,463.25,8,0.8,-1181.28,140025
CA-2016-134222,7/10/2016,7/11/2016,Same Day,NZ-18565,OFF-BI-10001658,44.86,6,0.7,-35.88,134222
CA-2016-140018,11/21/2016,11/26/2016,Standard Class,CK-12205,TEC-MA-10000752,30.34,7,0.7,-24.28,140018
CA-2016-140018,11/21/2016,11/26/2016,Standard Class,CK-12205,FUR-CH-10003817,127.55,3,0.3,-9.11,140018
CA-2014-120278,11/7/2014,11/12/2014,Standard Class,MS-17365,OFF-AP-10001293,245.88,6,0,68.85,120278
CA-2017-106831,6/1/2017,6/3/2017,First Class,FH-14350,OFF-BI-10003429,3.8,2,0.7,-2.66,106831
CA-2017-106831,6/1/2017,6/3/2017,First Class,FH-14350,OFF-PA-10000682,27.74,6,0.2,10.06,106831
CA-2017-154123,11/20/2017,11/25/2017,Standard Class,SC-20050,FUR-FU-10000629,27.58,2,0,11.58,154123
CA-2016-136049,12/23/2016,12/28/2016,Standard Class,NM-18520,OFF-BI-10001267,5.55,3,0.7,-4.07,136049
CA-2017-118402,9/29/2017,10/4/2017,Standard Class,JO-15280,OFF-ST-10001418,243.92,5,0.2,-54.88,118402
US-2016-139388,11/7/2016,11/9/2016,First Class,CC-12475,OFF-FA-10004968,14.96,4,0,0.3,139388
CA-2015-124044,7/23/2015,7/26/2015,Second Class,MS-17830,OFF-BI-10003460,10.51,3,0.2,3.68,124044
CA-2014-164469,6/25/2014,6/27/2014,Second Class,GK-14620,OFF-AR-10003478,71.63,11,0.2,17.91,164469
CA-2014-107818,9/8/2014,9/14/2014,Standard Class,MC-17275,FUR-CH-10000454,975.92,5,0.2,121.99,107818
CA-2014-107818,9/8/2014,9/14/2014,Standard Class,MC-17275,OFF-AR-10000380,303.84,8,0,91.15,107818
CA-2014-113320,12/12/2014,12/15/2014,Second Class,LH-17155,FUR-FU-10004270,12.54,3,0,4.51,113320
CA-2015-137526,1/13/2015,1/17/2015,Standard Class,PB-19150,FUR-FU-10004845,464.85,9,0,92.97,137526
CA-2014-138940,4/11/2014,4/16/2014,Second Class,GM-14455,TEC-PH-10001835,758.35,6,0.2,265.42,138940
CA-2016-125164,11/10/2016,11/14/2016,Standard Class,SH-19975,OFF-BI-10001191,20.37,1,0.2,7.38,125164
CA-2016-125164,11/10/2016,11/14/2016,Standard Class,SH-19975,OFF-BI-10003982,49.85,3,0.2,16.82,125164
CA-2017-122490,11/13/2017,11/18/2017,Standard Class,TT-21070,FUR-CH-10001215,2404.7,6,0.2,150.29,122490
CA-2017-122490,11/13/2017,11/18/2017,Standard Class,TT-21070,OFF-BI-10001718,563.02,11,0.2,190.02,122490
CA-2017-131366,11/24/2017,11/29/2017,Standard Class,SC-20440,TEC-PH-10003437,89.99,2,0.4,-15,131366
CA-2017-164042,5/23/2017,5/27/2017,Standard Class,KL-16645,OFF-FA-10000840,1.82,2,0.2,0.62,164042
CA-2017-164042,5/23/2017,5/27/2017,Standard Class,KL-16645,OFF-AP-10001947,18.32,5,0.8,-46.72,164042
CA-2017-164042,5/23/2017,5/27/2017,Standard Class,KL-16645,OFF-ST-10002301,48.82,3,0.2,-11.59,164042
US-2014-155817,10/3/2014,10/9/2014,Standard Class,SL-20155,OFF-ST-10000532,61.57,2,0.2,4.62,155817
US-2014-155817,10/3/2014,10/9/2014,Standard Class,SL-20155,OFF-AR-10002335,6.19,3,0.2,0.46,155817
US-2016-131891,7/29/2016,7/31/2016,First Class,PW-19240,OFF-BI-10000201,2.21,3,0.7,-1.48,131891
CA-2017-143567,11/2/2017,11/5/2017,Second Class,TB-21175,OFF-EN-10004846,5.32,2,0,2.61,143567
CA-2017-143567,11/2/2017,11/5/2017,Second Class,TB-21175,TEC-AC-10004145,2249.91,9,0,517.48,143567
CA-2017-143567,11/2/2017,11/5/2017,Second Class,TB-21175,OFF-ST-10001580,59.92,4,0,16.78,143567
CA-2017-104080,3/8/2017,3/15/2017,Standard Class,AH-10210,OFF-BI-10003876,171.2,5,0.2,64.2,104080
CA-2017-104080,3/8/2017,3/15/2017,Standard Class,AH-10210,OFF-AR-10001972,3.36,2,0,0.87,104080
CA-2016-163167,11/28/2016,12/1/2016,Second Class,RF-19345,FUR-CH-10004477,182.67,3,0,52.97,163167
CA-2016-163167,11/28/2016,12/1/2016,Second Class,RF-19345,TEC-AC-10003441,101.7,6,0,6.1,163167
CA-2016-163167,11/28/2016,12/1/2016,Second Class,RF-19345,OFF-ST-10003805,1263.3,6,0,315.82,163167
CA-2016-135776,12/23/2016,12/30/2016,Standard Class,EH-13765,OFF-AR-10001231,4.2,2,0,1.18,135776
CA-2016-135776,12/23/2016,12/30/2016,Standard Class,EH-13765,OFF-ST-10002743,227.28,2,0,2.27,135776
CA-2016-135776,12/23/2016,12/30/2016,Standard Class,EH-13765,OFF-PA-10004327,47.9,1,0,22.99,135776
CA-2016-130484,8/22/2016,8/27/2016,Standard Class,SG-20470,OFF-BI-10000088,26.35,8,0.7,-18.45,130484
CA-2017-110884,3/7/2017,3/12/2017,Standard Class,SH-20395,OFF-LA-10003510,91.59,3,0,42.13,110884
US-2014-161613,12/1/2014,12/3/2014,Second Class,MC-17605,FUR-CH-10003746,674.06,3,0.3,-19.26,161613
US-2014-146353,10/14/2014,10/16/2014,Second Class,JE-15610,OFF-ST-10001469,269.9,5,0,16.19,146353
CA-2014-133809,11/18/2014,11/23/2014,Second Class,MS-17530,TEC-PH-10004875,9.59,2,0.4,-2.08,133809
CA-2017-127306,1/14/2017,1/18/2017,Standard Class,BH-11710,OFF-BI-10002003,5.97,5,0.7,-4.58,127306
CA-2017-127306,1/14/2017,1/18/2017,Standard Class,BH-11710,OFF-BI-10003727,2.51,2,0.7,-1.84,127306
CA-2015-161830,9/24/2015,9/26/2015,Second Class,ME-17725,OFF-AR-10004042,35.96,2,0,10.43,161830
CA-2017-163125,10/9/2017,10/11/2017,Second Class,MB-17305,OFF-AR-10004344,67.14,7,0.2,5.88,163125
CA-2016-160304,1/2/2016,1/7/2016,Standard Class,BM-11575,TEC-PH-10000455,231.98,2,0,67.27,160304
CA-2017-114055,12/25/2017,12/29/2017,Second Class,MH-18115,OFF-PA-10004381,96.08,2,0,46.12,114055
CA-2017-114055,12/25/2017,12/29/2017,Second Class,MH-18115,OFF-FA-10003059,3.62,2,0,1.19,114055
CA-2017-126438,9/10/2017,9/13/2017,First Class,AR-10345,OFF-AR-10003338,14.88,2,0,3.72,126438
CA-2017-117653,10/19/2017,10/23/2017,Standard Class,MO-17500,FUR-TA-10003008,91.28,1,0.5,-67.54,117653
CA-2017-143245,12/1/2017,12/6/2017,Standard Class,AD-10180,FUR-CH-10000155,897.15,3,0,251.2,143245
CA-2015-106978,9/28/2015,10/4/2015,Standard Class,ZC-21910,OFF-EN-10004483,12.54,1,0.2,4.23,106978
CA-2015-106978,9/28/2015,10/4/2015,Standard Class,ZC-21910,OFF-FA-10003021,4.51,3,0.2,0.85,106978
CA-2015-155124,3/15/2015,3/21/2015,Standard Class,KS-16300,TEC-PH-10003356,16.78,3,0.2,1.68,155124
CA-2017-150931,1/6/2017,1/13/2017,Standard Class,DP-13390,OFF-BI-10004728,33.74,7,0,15.52,150931
CA-2014-157147,1/13/2014,1/18/2014,Standard Class,BD-11605,FUR-BO-10003034,334,3,0.15,3.93,157147
CA-2015-156482,2/6/2015,2/13/2015,Standard Class,IL-15100,FUR-CH-10001708,1268.82,9,0,266.45,156482
CA-2017-107125,11/27/2017,12/2/2017,Standard Class,BD-11320,OFF-BI-10001989,117.49,7,0.2,41.12,107125
CA-2017-117926,12/8/2017,12/12/2017,Second Class,AS-10225,OFF-AP-10002670,69.48,1,0,20.84,117926
CA-2015-153906,3/16/2015,3/20/2015,Standard Class,MS-17980,TEC-PH-10001527,85.9,2,0,2.58,153906
CA-2014-160262,6/9/2014,6/13/2014,Second Class,TS-21205,OFF-AR-10002335,18.06,7,0,4.7,160262
CA-2014-160262,6/9/2014,6/13/2014,Second Class,TS-21205,FUR-FU-10002685,37.4,2,0,14.21,160262
CA-2015-127607,3/20/2015,3/26/2015,Standard Class,JK-15730,OFF-BI-10001308,2.51,2,0.8,-4.4,127607
CA-2015-127607,3/20/2015,3/26/2015,Standard Class,JK-15730,OFF-FA-10003485,18.86,9,0.2,6.13,127607
CA-2016-166226,11/18/2016,11/22/2016,Standard Class,TC-21535,TEC-PH-10003357,61.19,1,0.2,6.12,166226
CA-2016-166226,11/18/2016,11/22/2016,Standard Class,TC-21535,OFF-AP-10002867,67.84,1,0,18.32,166226
CA-2014-156587,3/7/2014,3/8/2014,First Class,AB-10015,FUR-CH-10004477,48.71,1,0.2,5.48,156587
CA-2016-141180,5/15/2016,5/19/2016,Second Class,DP-13000,OFF-BI-10000301,7.76,4,0.7,-5.18,141180
CA-2015-109708,5/25/2015,5/28/2015,Second Class,CY-12745,TEC-PH-10001944,467.04,4,0.2,58.38,109708
CA-2015-122406,8/2/2015,8/5/2015,Second Class,BE-11455,TEC-PH-10001527,128.85,3,0,3.87,122406
CA-2015-122406,8/2/2015,8/5/2015,Second Class,BE-11455,OFF-PA-10001307,8.4,2,0,4.12,122406
CA-2015-122406,8/2/2015,8/5/2015,Second Class,BE-11455,FUR-CH-10001973,110.98,1,0,15.54,122406
US-2016-153815,11/6/2016,11/9/2016,First Class,KL-16555,FUR-CH-10000513,207.98,2,0.2,-28.6,153815
US-2016-153815,11/6/2016,11/9/2016,First Class,KL-16555,OFF-PA-10002421,36.11,2,0.2,12.64,153815
US-2016-153815,11/6/2016,11/9/2016,First Class,KL-16555,FUR-FU-10004090,35.57,2,0.2,5.78,153815
CA-2016-164896,11/7/2016,11/12/2016,Standard Class,PS-19045,OFF-PA-10002246,12.9,2,0,6.32,164896
CA-2015-142202,9/18/2015,9/23/2015,Second Class,JR-16210,TEC-AC-10003198,717.12,9,0.2,152.39,142202
CA-2015-165050,12/7/2015,12/9/2015,First Class,AH-10210,TEC-PH-10001336,773.94,6,0,224.44,165050
US-2016-131114,12/9/2016,12/13/2016,Second Class,RW-19630,OFF-SU-10001664,20.57,3,0.2,1.54,131114
US-2016-131114,12/9/2016,12/13/2016,Second Class,RW-19630,OFF-AP-10003971,4.36,2,0.8,-11.76,131114
CA-2014-160066,11/16/2014,11/22/2014,Standard Class,AH-10075,OFF-LA-10001045,5.22,2,0,2.4,160066
CA-2016-109925,11/6/2016,11/10/2016,Second Class,IM-15070,OFF-ST-10003442,84.84,3,0,22.91,109925
CA-2015-160696,9/6/2015,9/10/2015,Standard Class,CK-12760,OFF-FA-10003059,7.24,5,0.2,1.18,160696
CA-2016-149279,4/24/2016,4/28/2016,Standard Class,CL-12700,FUR-CH-10004287,1325.76,6,0.2,149.15,149279
CA-2016-149279,4/24/2016,4/28/2016,Standard Class,CL-12700,OFF-BI-10004040,3.11,2,0.7,-2.18,149279
CA-2017-107321,8/31/2017,9/4/2017,Standard Class,AW-10930,TEC-PH-10002200,689.41,4,0.2,77.56,107321
US-2017-122714,12/7/2017,12/13/2017,Standard Class,HG-14965,OFF-BI-10001120,1889.99,5,0.8,-2929.48,122714
CA-2015-153038,12/18/2015,12/25/2015,Standard Class,RB-19645,OFF-EN-10000461,55.94,8,0.2,18.88,153038
CA-2015-153038,12/18/2015,12/25/2015,Standard Class,RB-19645,OFF-LA-10004008,18.43,8,0.2,5.99,153038
CA-2014-132227,11/4/2014,11/10/2014,Standard Class,SZ-20035,OFF-BI-10000962,52.06,4,0.2,18.87,132227
CA-2017-155824,3/10/2017,3/15/2017,Standard Class,KS-16300,OFF-AP-10000390,48.78,1,0.2,3.66,155824
CA-2017-155824,3/10/2017,3/15/2017,Standard Class,KS-16300,OFF-BI-10000014,13.09,4,0.7,-10.04,155824
CA-2016-129238,1/31/2016,2/4/2016,Standard Class,SC-20050,TEC-PH-10004120,109.59,1,0.2,8.22,129238
CA-2016-129238,1/31/2016,2/4/2016,Standard Class,SC-20050,OFF-PA-10002764,56.7,5,0,27.78,129238
CA-2017-159688,5/7/2017,5/12/2017,Standard Class,AB-10060,TEC-AC-10000736,79.99,1,0,28.8,159688
CA-2014-156006,4/30/2014,5/2/2014,Second Class,TM-21010,TEC-AC-10002550,47.79,3,0,16.25,156006
CA-2015-169796,11/9/2015,11/14/2015,Standard Class,Dp-13240,TEC-MA-10000045,2321.9,2,0,1114.51,169796
CA-2015-102876,9/7/2015,9/14/2015,Standard Class,LR-17035,OFF-BI-10004781,9.52,1,0.7,-6.98,102876
CA-2015-102876,9/7/2015,9/14/2015,Standard Class,LR-17035,TEC-PH-10002680,791.96,6,0.4,-131.99,102876
CA-2015-102876,9/7/2015,9/14/2015,Standard Class,LR-17035,OFF-BI-10000848,4.92,3,0.7,-3.94,102876
US-2017-139647,5/11/2017,5/13/2017,First Class,TS-21370,FUR-BO-10004467,209.98,7,0.7,-356.96,139647
US-2017-160465,7/21/2017,7/26/2017,Standard Class,SW-20350,OFF-BI-10001670,33.93,3,0.7,-22.62,160465
US-2017-160465,7/21/2017,7/26/2017,Standard Class,SW-20350,OFF-ST-10000136,222.32,7,0.2,25.01,160465
US-2017-160465,7/21/2017,7/26/2017,Standard Class,SW-20350,TEC-PH-10004522,210.56,6,0.4,-52.64,160465
CA-2014-153850,11/24/2014,11/29/2014,Standard Class,TH-21100,TEC-PH-10002584,1502.38,4,0.4,-250.4,153850
CA-2014-127558,11/15/2014,11/18/2014,First Class,SS-20410,FUR-FU-10002505,10.11,3,0,3.24,127558
CA-2014-127558,11/15/2014,11/18/2014,First Class,SS-20410,TEC-AC-10003832,772.47,3,0,146.77,127558
CA-2014-127558,11/15/2014,11/18/2014,First Class,SS-20410,OFF-SU-10002537,20.46,2,0,5.32,127558
CA-2017-136511,3/23/2017,3/25/2017,Second Class,MZ-17515,OFF-SU-10003505,347.58,3,0,17.38,136511
CA-2016-133795,12/18/2016,12/24/2016,Standard Class,JE-15475,TEC-AC-10001465,72.64,2,0,21.79,133795
US-2017-130953,7/29/2017,8/3/2017,Standard Class,RF-19735,TEC-PH-10003012,461.97,3,0,133.97,130953
US-2017-130953,7/29/2017,8/3/2017,Standard Class,RF-19735,FUR-CH-10004626,302.67,3,0,72.64,130953
CA-2017-139304,1/29/2017,2/2/2017,Standard Class,VG-21790,OFF-SU-10001664,8.57,1,0,2.23,139304
CA-2016-155166,12/26/2016,1/2/2017,Standard Class,BB-11545,FUR-CH-10003968,212.94,3,0,25.55,155166
CA-2016-155166,12/26/2016,1/2/2017,Standard Class,BB-11545,OFF-AP-10002765,26.49,1,0,7.42,155166
CA-2015-103954,8/9/2015,8/13/2015,Second Class,HR-14770,FUR-BO-10004690,687.4,5,0,48.12,103954
CA-2017-141719,11/17/2017,11/21/2017,Second Class,EG-13900,TEC-AC-10003610,239.96,5,0.2,83.99,141719
CA-2015-136469,7/11/2015,7/12/2015,First Class,TS-21370,FUR-TA-10001520,199.84,4,0.3,-37.11,136469
CA-2015-136469,7/11/2015,7/12/2015,First Class,TS-21370,TEC-PH-10001817,716,2,0,193.32,136469
CA-2015-136469,7/11/2015,7/12/2015,First Class,TS-21370,OFF-BI-10004492,221.06,7,0,103.9,136469
CA-2016-158694,11/10/2016,11/13/2016,Second Class,AI-10855,OFF-PA-10002421,67.71,3,0,32.5,158694
CA-2016-158694,11/10/2016,11/13/2016,Second Class,AI-10855,FUR-FU-10000965,467.46,9,0,191.66,158694
CA-2016-158694,11/10/2016,11/13/2016,Second Class,AI-10855,OFF-PA-10001363,61.4,5,0,28.86,158694
CA-2016-158694,11/10/2016,11/13/2016,Second Class,AI-10855,OFF-ST-10001496,720.76,4,0,187.4,158694
US-2014-104759,3/31/2014,4/4/2014,Standard Class,DD-13570,OFF-BI-10002071,8.13,7,0.8,-13.83,104759
CA-2015-141243,1/3/2015,1/8/2015,Second Class,AH-10465,TEC-AC-10003198,398.4,5,0.2,84.66,141243
CA-2015-141243,1/3/2015,1/8/2015,Second Class,AH-10465,FUR-BO-10003272,1352.4,9,0.32,-437.54,141243
CA-2015-162166,9/8/2015,9/11/2015,First Class,NM-18520,OFF-ST-10002486,41.88,6,0,0.84,162166
CA-2016-120796,4/3/2016,4/7/2016,Standard Class,CS-11950,OFF-BI-10004330,99.85,9,0.7,-83.2,120796
CA-2016-109722,12/5/2016,12/7/2016,Second Class,TP-21130,OFF-ST-10000060,584.82,9,0,70.18,109722
CA-2015-136798,5/8/2015,5/12/2015,Standard Class,DL-12925,OFF-BI-10003684,43.98,2,0,21.99,136798
CA-2017-122196,9/22/2017,9/24/2017,First Class,CA-12265,TEC-PH-10004977,391.98,2,0,113.67,122196
CA-2017-142090,11/30/2017,12/7/2017,Standard Class,SC-20380,FUR-TA-10001889,1781.68,7,0.4,-653.28,142090
CA-2014-124478,8/8/2014,8/12/2014,Standard Class,MA-17560,TEC-CO-10001571,549.99,1,0,275,124478
CA-2014-124478,8/8/2014,8/12/2014,Standard Class,MA-17560,OFF-AP-10002495,167.54,3,0.1,37.23,124478
CA-2014-124478,8/8/2014,8/12/2014,Standard Class,MA-17560,OFF-EN-10002500,38.34,3,0,17.25,124478
CA-2014-124478,8/8/2014,8/12/2014,Standard Class,MA-17560,FUR-FU-10002088,53.88,6,0,22.63,124478
CA-2014-124478,8/8/2014,8/12/2014,Standard Class,MA-17560,TEC-PH-10001128,299.98,2,0,83.99,124478
CA-2015-145485,11/5/2015,11/5/2015,Same Day,JM-16195,OFF-ST-10000649,62.8,4,0,15.7,145485
CA-2014-134572,4/20/2014,4/22/2014,Second Class,SV-20365,FUR-TA-10001705,744.1,5,0.3,-95.67,134572
CA-2014-134572,4/20/2014,4/22/2014,Second Class,SV-20365,OFF-ST-10004634,44.84,5,0.2,5.6,134572
CA-2014-134572,4/20/2014,4/22/2014,Second Class,SV-20365,FUR-TA-10004442,401.59,2,0.3,-131.95,134572
US-2017-133312,11/25/2017,11/29/2017,Standard Class,BD-11500,FUR-BO-10002213,359.5,3,0.15,-29.61,133312
US-2017-133312,11/25/2017,11/29/2017,Standard Class,BD-11500,OFF-ST-10001325,10.48,1,0,2.83,133312
CA-2015-144302,6/19/2015,6/23/2015,Standard Class,ME-17320,OFF-BI-10001107,5.79,2,0.8,-9.56,144302
CA-2015-109001,3/5/2015,3/9/2015,Standard Class,KN-16390,TEC-PH-10000562,466.16,7,0.4,-93.23,109001
CA-2015-109001,3/5/2015,3/9/2015,Standard Class,KN-16390,TEC-AC-10001101,10.31,1,0.2,-1.29,109001
CA-2015-109001,3/5/2015,3/9/2015,Standard Class,KN-16390,OFF-BI-10003529,2.56,3,0.7,-1.79,109001
CA-2017-156720,12/30/2017,1/3/2018,Standard Class,JM-15580,OFF-FA-10003472,3.02,3,0.2,-0.6,156720
US-2014-140452,12/6/2014,12/10/2014,Standard Class,BK-11260,OFF-BI-10004965,4.6,2,0.8,-8.05,140452
CA-2015-141936,8/7/2015,8/12/2015,Standard Class,PN-18775,OFF-BI-10002194,19.15,3,0.2,6.46,141936
CA-2014-116568,12/14/2014,12/20/2014,Standard Class,BM-11785,FUR-CH-10002439,186.3,4,0.2,13.97,116568
CA-2015-147102,9/19/2015,9/26/2015,Standard Class,NH-18610,TEC-AC-10000682,66.36,4,0,23.23,147102
CA-2017-132213,4/25/2017,4/26/2017,First Class,PN-18775,OFF-AR-10001958,67.92,5,0.2,6.79,132213
CA-2014-138450,10/18/2014,10/22/2014,Standard Class,EH-13765,OFF-ST-10003479,186.91,6,0.2,-35.05,138450
CA-2014-138450,10/18/2014,10/22/2014,Standard Class,EH-13765,OFF-PA-10003016,10.05,4,0.2,3.14,138450
CA-2015-153073,11/13/2015,11/13/2015,Same Day,HA-14905,FUR-FU-10001025,17.5,9,0.6,-7.44,153073
CA-2017-154137,11/11/2017,11/17/2017,Standard Class,MT-17815,OFF-ST-10003324,35.48,1,0,0,154137
CA-2015-127173,9/26/2015,10/3/2015,Standard Class,GM-14500,TEC-MA-10002859,629.93,7,0,296.07,127173
CA-2015-127173,9/26/2015,10/3/2015,Standard Class,GM-14500,OFF-BI-10000088,79.06,9,0.2,28.66,127173
CA-2014-149538,4/4/2014,4/8/2014,Standard Class,KB-16585,OFF-ST-10004180,232.55,5,0,9.3,149538
CA-2014-160766,9/14/2014,9/14/2014,Same Day,DM-13015,FUR-TA-10001039,464.29,9,0.4,-108.33,160766
CA-2014-160766,9/14/2014,9/14/2014,Same Day,DM-13015,OFF-EN-10001099,68.46,7,0,31.49,160766
CA-2014-160766,9/14/2014,9/14/2014,Same Day,DM-13015,OFF-AP-10002945,601.3,2,0,198.43,160766
CA-2014-160766,9/14/2014,9/14/2014,Same Day,DM-13015,OFF-PA-10000213,44.82,9,0,21.07,160766
CA-2017-146626,12/29/2017,1/5/2018,Standard Class,BP-11185,FUR-FU-10002501,101.12,8,0,37.41,146626
CA-2015-123330,6/21/2015,6/27/2015,Standard Class,EP-13915,TEC-PH-10001819,107.98,3,0.2,37.79,123330
CA-2017-155607,11/26/2017,11/30/2017,Standard Class,FG-14260,OFF-AP-10001962,58.73,7,0,14.68,155607
CA-2017-155607,11/26/2017,11/30/2017,Standard Class,FG-14260,OFF-BI-10003364,93.34,4,0.2,32.67,155607
CA-2016-151323,10/23/2016,10/28/2016,Standard Class,AB-10255,OFF-FA-10002983,17.05,5,0,8.18,151323
CA-2015-146696,12/14/2015,12/19/2015,Standard Class,RD-19480,OFF-BI-10002432,8.1,2,0.2,2.73,146696
CA-2017-128335,9/29/2017,10/5/2017,Standard Class,JA-15970,OFF-PA-10004996,51.55,5,0,24.23,128335
CA-2015-154886,11/8/2015,11/12/2015,Standard Class,SW-20455,TEC-AC-10001956,119.9,2,0,43.16,154886
CA-2016-111213,4/1/2016,4/5/2016,Standard Class,FP-14320,FUR-CH-10000454,1317.49,6,0.1,292.78,111213
CA-2017-161333,2/2/2017,2/7/2017,Standard Class,JL-15835,FUR-FU-10003039,86.26,2,0,29.33,161333
CA-2017-161333,2/2/2017,2/7/2017,Standard Class,JL-15835,OFF-ST-10000464,139.04,4,0,38.93,161333
CA-2017-128734,12/24/2017,12/31/2017,Standard Class,JL-15175,FUR-CH-10001394,842.38,3,0.2,105.3,128734
CA-2014-141796,6/21/2014,6/21/2014,Same Day,JG-15160,TEC-PH-10001578,1214.85,3,0,352.31,141796
CA-2017-125101,3/6/2017,3/10/2017,Second Class,SH-19975,OFF-ST-10000675,67.78,2,0,16.94,125101
US-2014-121566,6/30/2014,7/6/2014,Standard Class,CS-11860,OFF-AR-10001026,6.6,3,0,2.9,121566
CA-2017-163006,6/30/2017,7/4/2017,Second Class,GH-14410,TEC-PH-10002584,1001.58,2,0.2,125.2,163006
CA-2017-163006,6/30/2017,7/4/2017,Second Class,GH-14410,FUR-CH-10000229,569.06,3,0.3,-178.85,163006
CA-2017-163006,6/30/2017,7/4/2017,Second Class,GH-14410,FUR-FU-10003799,14.22,2,0.6,-10.31,163006
CA-2015-156146,10/26/2015,10/30/2015,Second Class,AG-10495,TEC-PH-10001527,68.72,2,0.2,-14.6,156146
CA-2014-111192,7/30/2014,8/5/2014,Standard Class,TS-21430,FUR-BO-10002916,1367.84,8,0,259.89,111192
CA-2014-121006,11/10/2014,11/16/2014,Standard Class,SC-20020,FUR-CH-10004997,563.94,3,0,112.79,121006
CA-2016-122903,5/27/2016,5/29/2016,Second Class,LA-16780,FUR-CH-10002024,3504.9,5,0,700.98,122903
CA-2016-122903,5/27/2016,5/29/2016,Second Class,LA-16780,OFF-PA-10001790,144.12,3,0,69.18,122903
CA-2015-107741,3/8/2015,3/10/2015,First Class,FC-14335,OFF-AR-10002399,3.41,1,0.2,0.89,107741
CA-2017-106432,10/19/2017,10/24/2017,Standard Class,CA-12265,OFF-BI-10002799,2.07,2,0.8,-3.52,106432
CA-2017-106432,10/19/2017,10/24/2017,Standard Class,CA-12265,FUR-BO-10004360,328.4,3,0.32,-91.76,106432
CA-2016-148908,11/5/2016,11/8/2016,First Class,JH-15985,OFF-BI-10002082,53.25,2,0.2,19.97,148908
CA-2016-123015,12/26/2016,12/30/2016,Standard Class,AJ-10795,OFF-BI-10004967,4.99,3,0.2,1.68,123015
US-2015-120502,4/13/2015,4/19/2015,Standard Class,BT-11395,TEC-PH-10003645,258.58,2,0.2,19.39,120502
US-2015-120502,4/13/2015,4/19/2015,Standard Class,BT-11395,OFF-AP-10004980,75.84,2,0,29.58,120502
CA-2017-108749,9/12/2017,9/15/2017,First Class,DJ-13510,OFF-BI-10003707,45.78,3,0,22.89,108749
CA-2017-163335,9/24/2017,9/27/2017,First Class,AG-10675,OFF-BI-10002827,38.71,7,0,17.81,163335
US-2015-154389,11/27/2015,12/3/2015,Standard Class,EH-14125,TEC-PH-10002789,748.75,8,0.4,-162.23,154389
CA-2015-115567,9/13/2015,9/18/2015,Standard Class,ZC-21910,FUR-CH-10000015,1516.2,7,0,394.21,115567
US-2017-136679,11/14/2017,11/18/2017,Standard Class,XP-21865,TEC-AC-10004855,167.95,6,0.2,-27.29,136679
US-2017-136679,11/14/2017,11/18/2017,Standard Class,XP-21865,OFF-AR-10003582,45.04,2,0.2,4.5,136679
US-2017-141943,5/5/2017,5/9/2017,Standard Class,DK-12985,OFF-EN-10003448,23.16,2,0,11.58,141943
CA-2014-101560,11/28/2014,12/1/2014,Second Class,CS-12250,FUR-FU-10003773,397.6,5,0,43.74,101560
CA-2014-159709,5/10/2014,5/15/2014,Standard Class,AI-10855,OFF-EN-10001434,158.13,3,0,77.48,159709
CA-2016-103982,3/3/2016,3/8/2016,Standard Class,AA-10315,OFF-SU-10000151,3930.07,3,0.2,-786.01,103982
CA-2015-142454,8/15/2015,8/19/2015,Standard Class,RE-19450,FUR-FU-10004018,104.23,7,0,28.14,142454
CA-2015-142454,8/15/2015,8/19/2015,Standard Class,RE-19450,OFF-ST-10003638,70.26,3,0,18.97,142454
CA-2015-102015,9/12/2015,9/18/2015,Standard Class,TM-21010,OFF-FA-10000490,1.24,1,0,0.58,102015
CA-2016-145898,9/26/2016,9/26/2016,Same Day,CM-12445,OFF-AR-10002445,35.4,5,0,13.45,145898
CA-2017-145653,9/1/2017,9/1/2017,Same Day,CA-12775,FUR-CH-10004875,498.26,7,0,134.53,145653
CA-2017-117401,5/18/2017,5/22/2017,Second Class,PP-18955,OFF-AP-10000938,706.86,7,0,197.92,117401
CA-2017-117401,5/18/2017,5/22/2017,Second Class,PP-18955,OFF-BI-10001267,43.19,7,0,20.73,117401
CA-2016-119865,6/21/2016,6/26/2016,Standard Class,AS-10090,OFF-BI-10001553,36.56,5,0.2,12.8,119865
CA-2016-119865,6/21/2016,6/26/2016,Standard Class,AS-10090,OFF-BI-10003007,186.14,6,0.2,60.5,119865
CA-2016-119865,6/21/2016,6/26/2016,Standard Class,AS-10090,FUR-BO-10003272,353.57,2,0.2,-44.2,119865
CA-2017-124436,3/19/2017,3/22/2017,Second Class,SA-20830,FUR-FU-10001185,30.93,1,0,12.68,124436
CA-2017-124436,3/19/2017,3/22/2017,Second Class,SA-20830,OFF-BI-10000343,27.5,7,0.2,9.28,124436
CA-2014-115084,10/18/2014,10/22/2014,Standard Class,LS-17200,FUR-CH-10004626,605.34,6,0,145.28,115084
CA-2017-131037,8/22/2017,8/23/2017,First Class,TM-21490,FUR-TA-10001768,210.01,1,0.2,2.63,131037
CA-2016-111143,11/19/2016,11/22/2016,First Class,TT-21265,OFF-AP-10001947,54.96,3,0,15.94,111143
CA-2014-166744,9/20/2014,9/24/2014,Standard Class,DN-13690,FUR-FU-10004952,164.22,3,0,50.91,166744
CA-2016-116561,9/11/2016,9/17/2016,Standard Class,EB-14110,OFF-BI-10001658,39.87,2,0.2,12.96,116561
CA-2016-110730,9/23/2016,9/26/2016,Second Class,CM-11815,OFF-SU-10004737,13.68,2,0,3.69,110730
CA-2016-156265,8/2/2016,8/4/2016,Second Class,BF-11020,FUR-TA-10001691,136.46,2,0.2,15.35,156265
CA-2016-156265,8/2/2016,8/4/2016,Second Class,BF-11020,TEC-PH-10001918,333.58,3,0.2,33.36,156265
US-2015-168914,5/21/2015,5/27/2015,Standard Class,JE-15745,OFF-AP-10000358,20.77,8,0.8,-52.96,168914
US-2017-110989,11/3/2017,11/5/2017,Second Class,EJ-14155,TEC-AC-10002345,43.5,3,0,10.88,110989
CA-2015-106215,4/16/2015,4/21/2015,Standard Class,BN-11470,OFF-FA-10001229,12.58,4,0.2,4.09,106215
CA-2015-132318,10/30/2015,11/2/2015,First Class,TT-21220,OFF-AP-10000026,182.91,3,0,53.04,132318
US-2014-131982,3/7/2014,3/11/2014,Second Class,NP-18685,OFF-BI-10004224,107.65,2,0.2,33.64,131982
US-2017-115595,10/9/2017,10/11/2017,First Class,XP-21865,OFF-PA-10001745,35.2,5,0,16.54,115595
CA-2014-105165,9/7/2014,9/10/2014,First Class,SZ-20035,FUR-TA-10004154,200.8,1,0.3,-22.95,105165
CA-2014-105165,9/7/2014,9/10/2014,First Class,SZ-20035,TEC-AC-10002718,46.69,4,0.2,-2.92,105165
CA-2014-105165,9/7/2014,9/10/2014,First Class,SZ-20035,OFF-AR-10003179,21.86,3,0.2,3.55,105165
CA-2017-147452,9/30/2017,10/3/2017,First Class,CS-11845,OFF-PA-10004039,167.94,3,0,82.29,147452
CA-2017-147452,9/30/2017,10/3/2017,First Class,CS-11845,OFF-AP-10001626,3.89,1,0,1.01,147452
US-2017-114657,11/16/2017,11/21/2017,Standard Class,MH-18115,TEC-MA-10003173,52.44,4,0,24.12,114657
CA-2017-144484,9/11/2017,9/11/2017,Same Day,CB-12025,FUR-FU-10000260,32.36,4,0,11.65,144484
CA-2017-125913,1/16/2017,1/16/2017,Same Day,JO-15145,FUR-TA-10001520,399.67,7,0.2,-14.99,125913
US-2016-158309,11/26/2016,11/29/2016,First Class,PA-19060,OFF-BI-10000145,3.74,4,0.7,-2.62,158309
CA-2015-162887,11/7/2015,11/9/2015,Second Class,SV-20785,FUR-CH-10000595,715.2,3,0,178.8,162887
CA-2017-147333,12/14/2017,12/20/2017,Standard Class,KL-16555,TEC-AC-10004469,159.8,4,0,70.31,147333
CA-2014-113859,9/13/2014,9/17/2014,Standard Class,BC-11125,FUR-CH-10004698,340.12,6,0.3,-9.72,113859
CA-2017-105991,5/5/2017,5/6/2017,First Class,LH-17020,FUR-BO-10004467,89.99,3,0.7,-152.98,105991
CA-2014-146283,9/8/2014,9/15/2014,Standard Class,KT-16465,OFF-PA-10002259,17.9,2,0.2,6.27,146283
CA-2014-146283,9/8/2014,9/15/2014,Standard Class,KT-16465,FUR-CH-10004287,966.7,5,0.3,-13.81,146283
CA-2014-146283,9/8/2014,9/15/2014,Standard Class,KT-16465,OFF-PA-10000482,182.11,6,0.2,61.46,146283
CA-2017-151218,6/20/2017,6/23/2017,First Class,PJ-19015,OFF-ST-10004835,4.46,1,0.2,0.33,151218
CA-2015-111073,12/26/2015,12/30/2015,Standard Class,MC-18100,FUR-TA-10004086,51.59,1,0.4,-15.48,111073
CA-2017-144883,8/15/2017,8/19/2017,Standard Class,BO-11350,OFF-LA-10000305,50.4,8,0,23.18,144883
CA-2017-108791,7/27/2017,7/31/2017,Standard Class,TM-21490,FUR-FU-10004018,14.89,1,0,4.02,108791
CA-2016-106656,9/23/2016,9/26/2016,First Class,DV-13045,OFF-EN-10001509,4.08,2,0,1.92,106656
CA-2016-113831,5/30/2016,6/3/2016,Standard Class,AH-10690,FUR-TA-10002645,2275.5,10,0,386.84,113831
CA-2016-113831,5/30/2016,6/3/2016,Standard Class,AH-10690,TEC-AC-10003033,1979.7,6,0,653.3,113831
CA-2016-113831,5/30/2016,6/3/2016,Standard Class,AH-10690,OFF-LA-10001297,62.1,6,0,29.81,113831
US-2014-139500,11/16/2014,11/20/2014,Standard Class,AB-10165,FUR-CH-10002017,37.3,2,0.3,-1.07,139500
US-2016-168410,2/21/2016,2/26/2016,Standard Class,BV-11245,FUR-FU-10000629,68.95,5,0,28.96,168410
CA-2017-131254,11/19/2017,11/21/2017,First Class,NC-18415,FUR-CH-10003774,191.06,3,0.3,-46.4,131254
CA-2017-131254,11/19/2017,11/21/2017,First Class,NC-18415,OFF-AR-10003876,13.04,5,0.2,3.91,131254
CA-2017-131254,11/19/2017,11/21/2017,First Class,NC-18415,OFF-BI-10003527,1525.19,6,0.8,-2287.78,131254
CA-2016-123414,8/21/2016,8/27/2016,Standard Class,SU-20665,OFF-SU-10002573,28.05,2,0.2,3.51,123414
CA-2016-154060,5/2/2016,5/8/2016,Standard Class,DL-12865,FUR-CH-10002304,187.06,9,0.2,11.69,154060
US-2017-162558,10/2/2017,10/5/2017,First Class,Dp-13240,FUR-FU-10004864,9.66,1,0.2,1.57,162558
US-2017-162558,10/2/2017,10/5/2017,First Class,Dp-13240,FUR-TA-10000198,2314.12,7,0.4,-1002.78,162558
US-2017-162558,10/2/2017,10/5/2017,First Class,Dp-13240,OFF-BI-10003984,34.24,4,0.7,-26.25,162558
CA-2017-134439,9/18/2017,9/23/2017,Second Class,TM-21010,OFF-PA-10004082,15.96,2,0,7.98,134439
CA-2015-119508,12/4/2015,12/9/2015,Standard Class,TZ-21580,FUR-FU-10004270,25.08,6,0,9.03,119508
CA-2015-152681,1/17/2015,1/22/2015,Standard Class,SC-20260,OFF-AR-10003183,6.68,2,0,2,152681
CA-2016-123120,9/4/2016,9/8/2016,Standard Class,CV-12295,FUR-FU-10004748,63.94,1,0,24.94,123120
CA-2016-123120,9/4/2016,9/8/2016,Standard Class,CV-12295,OFF-BI-10001460,60.6,5,0.2,20.45,123120
CA-2014-103331,8/26/2014,9/1/2014,Standard Class,KB-16315,FUR-FU-10001731,10.68,4,0,4.06,103331
CA-2017-111577,10/16/2017,10/21/2017,Standard Class,AJ-10780,OFF-PA-10000062,307.78,7,0.2,111.57,111577
CA-2015-146486,11/9/2015,11/14/2015,Second Class,DV-13465,OFF-EN-10001509,12.24,6,0,5.75,146486
CA-2015-146486,11/9/2015,11/14/2015,Second Class,DV-13465,TEC-AC-10002637,899.95,5,0,54,146486
US-2014-168501,11/21/2014,11/27/2014,Standard Class,JK-15325,OFF-EN-10001509,1.63,1,0.2,0.55,168501
US-2014-168501,11/21/2014,11/27/2014,Standard Class,JK-15325,TEC-PH-10004922,267.96,5,0.2,16.75,168501
CA-2015-112053,10/11/2015,10/13/2015,Second Class,SH-20395,TEC-AC-10002550,31.95,1,0,2.24,112053
CA-2015-149811,1/4/2015,1/10/2015,Standard Class,CS-12250,OFF-BI-10003676,32.34,3,0,15.52,149811
US-2017-103814,12/9/2017,12/16/2017,Standard Class,LH-16900,OFF-PA-10001019,143.86,9,0.2,48.55,103814
CA-2016-123932,9/6/2016,9/12/2016,Standard Class,YC-21895,TEC-PH-10002447,329.58,2,0.2,37.08,123932
US-2016-101616,9/3/2016,9/6/2016,First Class,CY-12745,OFF-BI-10000014,87.28,8,0,41.02,101616
CA-2014-113768,5/13/2014,5/19/2014,Standard Class,AH-10030,FUR-CH-10002439,279.46,6,0.2,20.96,113768
CA-2014-113768,5/13/2014,5/19/2014,Standard Class,AH-10030,OFF-PA-10003063,8,2,0,3.84,113768
CA-2014-150490,8/5/2014,8/11/2014,Standard Class,SS-20590,TEC-AC-10004510,16.36,1,0,1.64,150490
CA-2014-150490,8/5/2014,8/11/2014,Standard Class,SS-20590,OFF-ST-10000321,15.78,2,0,0.63,150490
CA-2016-107790,11/20/2016,11/24/2016,Standard Class,EH-13990,TEC-PH-10004539,151.19,1,0.2,13.23,107790
CA-2017-158071,6/10/2017,6/15/2017,Standard Class,BD-11320,OFF-ST-10001228,15.58,1,0,3.9,158071
US-2017-136721,4/8/2017,4/12/2017,Standard Class,NH-18610,FUR-FU-10004188,306.9,3,0,79.79,136721
CA-2015-118738,10/24/2015,10/30/2015,Standard Class,AG-10495,FUR-TA-10002607,347.36,7,0.3,-69.47,118738
CA-2014-125542,12/5/2014,12/7/2014,First Class,NB-18655,OFF-EN-10000056,348.49,7,0.2,117.61,125542
CA-2014-125542,12/5/2014,12/7/2014,First Class,NB-18655,OFF-ST-10001469,172.74,4,0.2,-30.23,125542
CA-2016-136021,8/14/2016,8/18/2016,Standard Class,JM-15580,OFF-PA-10000551,15.54,3,0,7.61,136021
CA-2016-136021,8/14/2016,8/18/2016,Standard Class,JM-15580,TEC-MA-10000423,105.55,6,0.2,35.62,136021
CA-2016-149195,9/5/2016,9/7/2016,Second Class,DM-13525,OFF-FA-10001843,15.81,8,0.2,5.34,149195
CA-2017-161410,6/26/2017,7/3/2017,Standard Class,CC-12220,TEC-PH-10001760,358.2,3,0.4,41.79,161410
CA-2017-161410,6/26/2017,7/3/2017,Standard Class,CC-12220,TEC-PH-10000673,545.92,14,0.4,72.79,161410
CA-2017-152786,3/12/2017,3/17/2017,Standard Class,GA-14725,OFF-BI-10000829,40.41,9,0,18.59,152786
CA-2017-164707,2/18/2017,2/21/2017,Second Class,CV-12805,TEC-PH-10001924,167.98,3,0.2,10.5,164707
CA-2017-164707,2/18/2017,2/21/2017,Second Class,CV-12805,TEC-AC-10004864,109.53,3,0,47.1,164707
US-2014-123183,11/19/2014,11/25/2014,Standard Class,GR-14560,OFF-LA-10002787,22.5,6,0,10.8,123183
US-2014-123183,11/19/2014,11/25/2014,Standard Class,GR-14560,OFF-BI-10002429,213.08,7,0,102.28,123183
US-2014-123183,11/19/2014,11/25/2014,Standard Class,GR-14560,FUR-BO-10000362,1025.88,6,0,235.95,123183
CA-2016-145492,11/20/2016,11/27/2016,Standard Class,MC-17605,OFF-AP-10003622,39,12,0,11.31,145492
CA-2016-163202,9/27/2016,10/2/2016,Standard Class,BM-11650,OFF-BI-10002764,2.91,3,0.7,-2.03,163202
CA-2017-132262,9/21/2017,9/23/2017,First Class,ML-18265,TEC-AC-10000303,79.98,2,0,26.39,132262
CA-2017-108854,12/8/2017,12/14/2017,Standard Class,DM-13345,OFF-BI-10002854,22.42,1,0.2,8.41,108854
CA-2017-108854,12/8/2017,12/14/2017,Standard Class,DM-13345,OFF-ST-10001837,42.76,1,0,11.12,108854
CA-2017-166856,9/18/2017,9/22/2017,Standard Class,TS-21505,TEC-AC-10004992,101.34,3,0,8.11,166856
CA-2016-153157,9/11/2016,9/14/2016,First Class,TB-21625,TEC-PH-10003171,224.75,5,0,62.93,153157
US-2017-125647,9/23/2017,9/28/2017,Standard Class,LC-16870,OFF-AP-10000390,73.18,6,0.8,-197.58,125647
US-2017-125647,9/23/2017,9/28/2017,Standard Class,LC-16870,TEC-PH-10004188,39.98,2,0.2,-9,125647
CA-2015-110877,10/23/2015,10/26/2015,First Class,JE-15715,TEC-PH-10002103,150.38,2,0.2,15.04,110877
CA-2016-153598,12/3/2016,12/6/2016,First Class,NM-18520,TEC-AC-10003870,1649.95,5,0,659.98,153598
CA-2016-153598,12/3/2016,12/6/2016,First Class,NM-18520,FUR-FU-10001085,111.9,6,0,51.47,153598
US-2016-108497,6/14/2016,6/14/2016,Same Day,MH-17290,FUR-BO-10004218,599.16,5,0.15,35.24,108497
CA-2017-117422,10/21/2017,10/25/2017,Standard Class,FC-14245,OFF-PA-10002195,4.06,1,0.2,1.37,117422
CA-2017-117422,10/21/2017,10/25/2017,Standard Class,FC-14245,OFF-BI-10002799,6.22,4,0.7,-4.97,117422
CA-2017-129707,4/25/2017,4/29/2017,Standard Class,LH-16750,OFF-AR-10000246,8.9,4,0.2,0.67,129707
CA-2015-160171,10/19/2015,10/24/2015,Standard Class,RM-19675,OFF-AP-10000275,1640.7,5,0,459.4,160171
CA-2015-160171,10/19/2015,10/24/2015,Standard Class,RM-19675,TEC-AC-10000892,270,3,0,97.2,160171
CA-2014-103317,7/5/2014,7/8/2014,First Class,DM-13525,FUR-FU-10001591,19.52,2,0.2,5.37,103317
CA-2014-103317,7/5/2014,7/8/2014,First Class,DM-13525,OFF-BI-10001787,9.81,5,0.7,-6.87,103317
CA-2014-103317,7/5/2014,7/8/2014,First Class,DM-13525,FUR-FU-10003192,213.22,3,0.2,15.99,103317
CA-2016-167115,4/4/2016,4/9/2016,Standard Class,EH-14185,OFF-BI-10004600,588.78,2,0.2,184,167115
US-2017-153633,11/13/2017,11/18/2017,Second Class,TC-21295,OFF-AR-10002335,2.06,1,0.2,0.15,153633
CA-2015-148712,4/17/2015,4/23/2015,Standard Class,JM-15535,OFF-BI-10001900,62.3,13,0.2,21.02,148712
CA-2015-148712,4/17/2015,4/23/2015,Standard Class,JM-15535,OFF-AR-10000614,10.71,3,0,2.78,148712
CA-2016-128307,7/25/2016,7/29/2016,Standard Class,BE-11335,OFF-EN-10003040,20.94,1,0.2,7.07,128307
US-2016-127425,8/26/2016,8/31/2016,Standard Class,DR-12880,TEC-PH-10003442,33,6,0,8.25,127425
US-2014-119081,9/12/2014,9/19/2014,Standard Class,TA-21385,OFF-SU-10000157,357.93,3,0,7.16,119081
US-2014-119081,9/12/2014,9/19/2014,Standard Class,TA-21385,TEC-AC-10001542,57.4,5,0,10.91,119081
US-2014-119081,9/12/2014,9/19/2014,Standard Class,TA-21385,OFF-BI-10004519,331.96,2,0,149.38,119081
CA-2016-140613,7/22/2016,7/29/2016,Standard Class,KN-16705,OFF-SU-10004261,86.2,5,0,25,140613
US-2017-108700,5/19/2017,5/23/2017,Standard Class,PJ-18835,OFF-PA-10004733,38.02,6,0.2,13.78,108700
CA-2017-160962,4/28/2017,5/2/2017,Standard Class,MC-17605,OFF-ST-10001325,8.38,1,0.2,0.73,160962
CA-2017-130631,12/29/2017,1/2/2018,Standard Class,BS-11755,OFF-FA-10000089,19.6,5,0,9.6,130631
CA-2017-116680,9/4/2017,9/6/2017,Second Class,PK-19075,OFF-BI-10004022,13.34,6,0.2,4.34,116680
CA-2017-116680,9/4/2017,9/6/2017,Second Class,PK-19075,FUR-TA-10001771,1478.27,8,0.2,92.39,116680
US-2014-107405,3/21/2014,3/25/2014,Standard Class,TS-21205,OFF-ST-10002301,16.27,1,0.2,-3.86,107405
CA-2014-146591,1/19/2014,1/20/2014,First Class,TS-21340,OFF-PA-10000659,56.06,4,0.2,19.62,146591
CA-2014-146591,1/19/2014,1/20/2014,First Class,TS-21340,OFF-EN-10002504,108.72,5,0.2,36.69,146591
CA-2014-146591,1/19/2014,1/20/2014,First Class,TS-21340,FUR-BO-10001972,181.47,5,0.7,-320.6,146591
CA-2014-107706,2/14/2014,2/19/2014,Second Class,ST-20530,OFF-PA-10000466,16.18,3,0.2,6.07,107706
CA-2017-116946,12/19/2017,12/23/2017,Standard Class,TS-21505,FUR-BO-10000468,102.02,7,0.7,-183.63,116946
CA-2017-121741,12/26/2017,12/26/2017,Same Day,YC-21895,OFF-ST-10004459,750.68,2,0,37.53,121741
CA-2017-169691,6/15/2017,6/18/2017,First Class,Dp-13240,OFF-ST-10001291,84.55,5,0,22.83,169691
CA-2014-101770,3/31/2014,4/4/2014,Standard Class,KB-16240,OFF-BI-10001097,1.87,1,0.7,-1.31,101770
CA-2017-105487,10/8/2017,10/14/2017,Standard Class,CS-12250,TEC-PH-10001336,103.19,1,0.2,11.61,105487
CA-2017-105487,10/8/2017,10/14/2017,Standard Class,CS-12250,TEC-AC-10002305,36,2,0,6.48,105487
CA-2017-164378,7/15/2017,7/18/2017,Second Class,MM-18055,FUR-CH-10002084,664.15,6,0.1,88.55,164378
CA-2017-127782,11/2/2017,11/6/2017,Standard Class,TH-21115,FUR-FU-10001847,3.31,1,0.2,0.66,127782
CA-2017-127782,11/2/2017,11/6/2017,Standard Class,TH-21115,OFF-AP-10001962,20.14,3,0.2,1.26,127782
CA-2017-127782,11/2/2017,11/6/2017,Standard Class,TH-21115,TEC-PH-10001817,859.2,4,0.4,-186.16,127782
US-2017-152569,5/15/2017,5/20/2017,Standard Class,JD-16015,OFF-PA-10001736,56.7,2,0.2,19.14,152569
US-2014-137680,2/24/2014,3/2/2014,Standard Class,JH-15430,OFF-PA-10000069,22.78,3,0.2,7.69,137680
US-2016-138408,11/18/2016,11/21/2016,Second Class,KC-16255,TEC-AC-10003870,1319.96,4,0,527.98,138408
CA-2017-117667,12/4/2017,12/9/2017,Standard Class,MS-17980,FUR-FU-10004093,54.77,2,0.2,6.85,117667
CA-2016-110982,6/5/2016,6/7/2016,First Class,CK-12205,OFF-BI-10000829,21.55,6,0.2,7,110982
CA-2016-147123,12/10/2016,12/12/2016,First Class,SJ-20125,OFF-PA-10000575,80.28,12,0,36.93,147123
CA-2017-154501,4/30/2017,5/5/2017,Standard Class,EA-14035,OFF-AR-10002804,9.78,2,0,4.01,154501
CA-2017-160885,12/2/2017,12/6/2017,Standard Class,JK-16090,TEC-PH-10001795,2479.96,4,0,743.99,160885
US-2016-167472,6/6/2016,6/7/2016,First Class,CK-12595,TEC-AC-10001109,179.94,6,0,75.57,167472
US-2016-167472,6/6/2016,6/7/2016,First Class,CK-12595,TEC-AC-10003038,26.85,3,0,5.1,167472
US-2017-150595,5/22/2017,5/26/2017,Standard Class,LE-16810,OFF-BI-10003274,1.59,2,0.8,-2.63,150595
US-2017-150595,5/22/2017,5/26/2017,Standard Class,LE-16810,OFF-SU-10000381,22.34,3,0.2,2.51,150595
CA-2016-134936,12/19/2016,12/25/2016,Standard Class,ES-14080,FUR-TA-10001086,455.97,6,0.5,-218.87,134936
CA-2016-134936,12/19/2016,12/25/2016,Standard Class,ES-14080,OFF-BI-10002103,5.21,2,0.7,-4.17,134936
CA-2017-102967,9/22/2017,9/26/2017,Standard Class,MG-17890,OFF-ST-10001590,67.4,5,0,17.52,102967
CA-2017-151008,9/7/2017,9/8/2017,First Class,JM-16195,TEC-PH-10002807,126.56,4,0.2,47.46,151008
CA-2014-159800,11/28/2014,12/1/2014,First Class,SG-20470,TEC-AC-10003447,139.93,7,0,34.98,159800
US-2014-159618,11/12/2014,11/16/2014,Standard Class,DB-12970,OFF-SU-10000432,16.66,6,0.2,-3.12,159618
US-2014-159618,11/12/2014,11/16/2014,Standard Class,DB-12970,FUR-BO-10004467,67.99,1,0.32,-13,159618
CA-2017-133263,3/31/2017,4/2/2017,Second Class,JE-15610,OFF-BI-10001153,34.54,1,0,17.27,133263
CA-2017-133263,3/31/2017,4/2/2017,Second Class,JE-15610,OFF-BI-10000474,64.12,4,0,30.78,133263
CA-2017-157966,3/13/2017,3/13/2017,Same Day,SU-20665,TEC-MA-10002109,209.99,2,0.3,9,157966
CA-2017-157966,3/13/2017,3/13/2017,Same Day,SU-20665,OFF-AR-10003338,29.76,5,0.2,1.86,157966
CA-2017-157966,3/13/2017,3/13/2017,Same Day,SU-20665,FUR-CH-10003606,89.77,1,0.3,-2.56,157966
CA-2017-157966,3/13/2017,3/13/2017,Same Day,SU-20665,TEC-PH-10001527,34.36,1,0.2,-7.3,157966
CA-2014-151162,12/5/2014,12/9/2014,Standard Class,EA-14035,OFF-PA-10001033,98.38,3,0.2,35.66,151162
CA-2014-151162,12/5/2014,12/9/2014,Standard Class,EA-14035,OFF-BI-10003719,29.94,4,0.7,-23.95,151162
CA-2014-151162,12/5/2014,12/9/2014,Standard Class,EA-14035,TEC-PH-10001870,36.74,1,0.4,-9.18,151162
CA-2016-136686,12/12/2016,12/16/2016,Standard Class,RF-19840,FUR-FU-10004864,383.64,6,0,122.76,136686
CA-2017-137498,9/9/2017,9/14/2017,Second Class,LC-17050,OFF-PA-10000143,47.52,9,0,22.81,137498
CA-2017-105333,11/30/2017,12/4/2017,Standard Class,VP-21730,OFF-ST-10002182,83.56,4,0,1.67,105333
CA-2017-105333,11/30/2017,12/4/2017,Standard Class,VP-21730,TEC-PH-10001468,546.06,3,0,163.82,105333
CA-2016-115224,12/8/2016,12/11/2016,Second Class,DB-13615,OFF-ST-10000615,34.05,3,0,9.53,115224
CA-2014-164742,10/13/2014,10/18/2014,Second Class,ML-17395,FUR-CH-10002880,245.98,2,0,27.06,164742
CA-2014-164742,10/13/2014,10/18/2014,Second Class,ML-17395,OFF-BI-10004738,18.94,1,0,9.47,164742
US-2017-108014,11/19/2017,11/25/2017,Standard Class,JH-15430,OFF-BI-10003984,59.91,7,0.7,-45.93,108014
CA-2015-159779,9/25/2015,9/29/2015,Standard Class,SB-20185,OFF-BI-10002735,68.62,2,0,32.25,159779
CA-2014-108903,10/3/2014,10/3/2014,Same Day,DO-13435,OFF-AR-10004010,55.98,2,0.2,4.2,108903
CA-2014-108903,10/3/2014,10/3/2014,Same Day,DO-13435,TEC-AC-10003023,142.49,3,0.2,-3.56,108903
CA-2016-134516,9/20/2016,9/25/2016,Standard Class,FM-14215,FUR-CH-10002880,98.39,1,0.2,-11.07,134516
CA-2017-105193,3/25/2017,3/31/2017,Standard Class,JL-15835,OFF-AR-10001547,11.05,5,0,2.98,105193
CA-2015-168634,12/6/2015,12/11/2015,Standard Class,AF-10870,OFF-AP-10001626,7.78,2,0,2.02,168634
CA-2015-145828,10/5/2015,10/7/2015,First Class,MB-17305,TEC-AC-10002323,53.04,3,0.2,-4.64,145828
CA-2017-121027,8/18/2017,8/22/2017,Standard Class,HW-14935,TEC-AC-10002049,843.9,2,0,371.32,121027
CA-2017-121027,8/18/2017,8/22/2017,Standard Class,HW-14935,TEC-AC-10002253,1496.16,9,0,224.42,121027
CA-2016-147431,2/2/2016,2/7/2016,Standard Class,AB-10105,OFF-ST-10003994,117.96,2,0,5.9,147431
CA-2016-158001,8/23/2016,8/27/2016,Standard Class,JP-15460,OFF-AR-10002399,21.3,5,0,8.73,158001
CA-2016-158001,8/23/2016,8/27/2016,Standard Class,JP-15460,OFF-AP-10002118,1040.8,5,0,281.02,158001
US-2016-124163,9/25/2016,9/30/2016,Standard Class,SC-20695,TEC-AC-10001908,499.95,5,0,174.98,124163
US-2016-124163,9/25/2016,9/30/2016,Standard Class,SC-20695,OFF-AR-10000817,3.04,1,0,1.03,124163
US-2016-124163,9/25/2016,9/30/2016,Standard Class,SC-20695,FUR-CH-10004218,201.96,2,0,50.49,124163
US-2016-124163,9/25/2016,9/30/2016,Standard Class,SC-20695,FUR-FU-10000755,68.64,11,0,17.16,124163
CA-2014-126683,9/29/2014,10/1/2014,Second Class,PP-18955,FUR-TA-10002958,2348.82,9,0,399.3,126683
CA-2017-148810,6/26/2017,7/1/2017,Standard Class,DR-12880,FUR-CH-10001545,273.55,3,0.2,-13.68,148810
US-2016-146066,8/21/2016,8/23/2016,Second Class,RB-19465,FUR-TA-10002530,815.29,9,0.4,-339.7,146066
CA-2014-127614,2/11/2014,2/15/2014,Standard Class,NF-18385,TEC-AC-10001432,234.45,3,0,103.16,127614
CA-2014-127614,2/11/2014,2/15/2014,Standard Class,NF-18385,FUR-TA-10003715,1256.22,6,0,75.37,127614
CA-2015-134943,12/5/2015,12/6/2015,First Class,SU-20665,OFF-BI-10000666,152.8,5,0,76.4,134943
CA-2017-123022,9/3/2017,9/8/2017,Standard Class,SC-20050,OFF-BI-10002225,82.56,5,0.2,28.9,123022
CA-2017-123022,9/3/2017,9/8/2017,Standard Class,SC-20050,TEC-AC-10000474,284.97,3,0,85.49,123022
CA-2017-113208,3/26/2017,4/2/2017,Standard Class,ML-18040,FUR-FU-10004245,60.84,3,0,23.12,113208
CA-2014-147900,9/23/2014,9/28/2014,Standard Class,JK-15640,OFF-PA-10003063,28.8,9,0.2,10.08,147900
CA-2017-127117,4/14/2017,4/19/2017,Standard Class,HM-14860,FUR-FU-10004018,74.45,5,0,20.1,127117
CA-2015-104241,1/4/2015,1/9/2015,Standard Class,AG-10495,FUR-FU-10001473,192.22,14,0,69.2,104241
CA-2017-142342,7/17/2017,7/19/2017,Second Class,AJ-10795,OFF-EN-10002592,57.9,5,0,28.95,142342
CA-2017-142342,7/17/2017,7/19/2017,Second Class,AJ-10795,FUR-BO-10002613,1194.16,5,0.15,210.74,142342
US-2014-134187,11/4/2014,11/11/2014,Standard Class,TH-21235,OFF-AR-10000940,2.94,1,0,0.79,134187
CA-2016-145261,12/18/2016,12/21/2016,First Class,AH-10120,OFF-BI-10001670,45.24,4,0.7,-30.16,145261
CA-2016-145261,12/18/2016,12/21/2016,First Class,AH-10120,OFF-AR-10004078,18.69,4,0.2,2.34,145261
CA-2016-145261,12/18/2016,12/21/2016,First Class,AH-10120,TEC-AC-10000991,112.78,3,0.2,-8.46,145261
CA-2016-145261,12/18/2016,12/21/2016,First Class,AH-10120,FUR-TA-10002530,377.45,5,0.5,-264.22,145261
CA-2016-145261,12/18/2016,12/21/2016,First Class,AH-10120,TEC-PH-10004833,28.68,3,0.2,-7.17,145261
CA-2016-108875,9/24/2016,10/1/2016,Standard Class,CL-12700,FUR-FU-10002671,21.44,2,0.2,7.5,108875
CA-2016-108875,9/24/2016,10/1/2016,Standard Class,CL-12700,OFF-ST-10001370,511.06,9,0.2,-95.82,108875
CA-2016-141957,7/21/2016,7/21/2016,Same Day,JG-15310,OFF-AR-10000914,18.66,2,0.2,1.4,141957
CA-2016-141957,7/21/2016,7/21/2016,Same Day,JG-15310,OFF-ST-10002276,66.69,1,0.2,4.17,141957
CA-2016-141957,7/21/2016,7/21/2016,Same Day,JG-15310,OFF-ST-10004340,99.49,2,0.2,8.71,141957
CA-2016-142405,6/11/2016,6/15/2016,Standard Class,SE-20110,OFF-BI-10004728,53.98,14,0.2,17.54,142405
CA-2015-141012,6/9/2015,6/11/2015,Second Class,TG-21640,FUR-FU-10003192,355.36,4,0,92.39,141012
CA-2015-141012,6/9/2015,6/11/2015,Second Class,TG-21640,TEC-PH-10004522,140.38,3,0.2,8.77,141012
CA-2014-135993,5/28/2014,6/2/2014,Standard Class,PJ-18835,TEC-PH-10001552,57.41,6,0.2,5.74,135993
CA-2014-135993,5/28/2014,6/2/2014,Standard Class,PJ-18835,TEC-AC-10004877,27.6,4,0,2.21,135993
CA-2016-143924,7/28/2016,8/3/2016,Standard Class,SC-20680,OFF-FA-10000735,20.44,7,0,9.2,143924
CA-2016-141551,9/24/2016,9/30/2016,Standard Class,BP-11230,OFF-BI-10001249,6.38,1,0,2.93,141551
CA-2014-164315,4/2/2014,4/8/2014,Standard Class,RD-19585,TEC-PH-10001128,1049.93,7,0,293.98,164315
CA-2014-131541,7/28/2014,7/28/2014,Same Day,CK-12205,OFF-FA-10000621,14.32,5,0.2,5.19,131541
CA-2014-131541,7/28/2014,7/28/2014,Same Day,CK-12205,FUR-FU-10003623,129.89,6,0.2,12.99,131541
CA-2014-131541,7/28/2014,7/28/2014,Same Day,CK-12205,OFF-EN-10000781,48.94,7,0.2,16.52,131541
CA-2015-119550,12/26/2015,12/31/2015,Standard Class,RB-19705,FUR-CH-10002044,275.06,3,0.3,-90.38,119550
US-2015-138093,12/10/2015,12/16/2015,Standard Class,KM-16225,TEC-PH-10004667,134.99,1,0,36.45,138093
CA-2016-126165,5/5/2016,5/7/2016,Second Class,AH-10465,FUR-TA-10001676,71.09,2,0.2,-1.78,126165
CA-2017-126123,10/14/2017,10/18/2017,Standard Class,AG-10765,OFF-BI-10000309,27.4,9,0.8,-42.46,126123
CA-2017-126123,10/14/2017,10/18/2017,Standard Class,AG-10765,OFF-BI-10004224,13.46,1,0.8,-23.55,126123
CA-2016-125661,11/24/2016,11/26/2016,First Class,CA-12055,OFF-EN-10001532,40.75,3,0.2,15.28,125661
CA-2016-125661,11/24/2016,11/26/2016,First Class,CA-12055,TEC-AC-10004855,139.96,5,0.2,-22.74,125661
US-2014-123519,12/14/2014,12/21/2014,Standard Class,SS-20875,FUR-TA-10002645,136.53,1,0.4,-52.34,123519
CA-2014-155593,11/3/2014,11/8/2014,Standard Class,RP-19390,OFF-SU-10002522,11.64,3,0,3.38,155593
US-2015-160857,5/8/2015,5/15/2015,Standard Class,NW-18400,FUR-FU-10001095,79.44,3,0,30.19,160857
US-2015-160857,5/8/2015,5/15/2015,Standard Class,NW-18400,FUR-CH-10002647,127.76,2,0.1,21.29,160857
US-2015-160857,5/8/2015,5/15/2015,Standard Class,NW-18400,TEC-CO-10004115,2799.94,7,0.2,1014.98,160857
US-2014-143707,3/1/2014,3/5/2014,Standard Class,HR-14770,TEC-PH-10003655,5.94,3,0,1.6,143707
CA-2017-116939,9/25/2017,9/29/2017,Standard Class,AG-10900,OFF-ST-10001476,177.55,5,0,47.94,116939
CA-2015-124107,10/9/2015,10/12/2015,Second Class,BM-11650,OFF-EN-10003286,57.96,7,0,27.24,124107
CA-2015-124107,10/9/2015,10/12/2015,Second Class,BM-11650,OFF-AP-10003971,29.4,3,0.1,5.23,124107
CA-2017-126550,3/29/2017,4/2/2017,Second Class,RD-19720,OFF-ST-10001031,81.4,5,0,21.16,126550
CA-2015-138674,11/14/2015,11/17/2015,First Class,KB-16585,TEC-AC-10000358,91.18,3,0.2,4.56,138674
CA-2015-138674,11/14/2015,11/17/2015,First Class,KB-16585,TEC-AC-10002800,159.97,4,0.2,29.99,138674
CA-2014-103191,9/22/2014,9/27/2014,Standard Class,VG-21805,OFF-ST-10002574,331.54,3,0.2,-82.88,103191
CA-2017-117324,12/8/2017,12/13/2017,Standard Class,JP-15520,TEC-AC-10003023,178.11,3,0,32.06,117324
CA-2017-117324,12/8/2017,12/13/2017,Standard Class,JP-15520,FUR-BO-10003159,459.92,4,0,41.39,117324
CA-2017-117324,12/8/2017,12/13/2017,Standard Class,JP-15520,OFF-PA-10002713,27.52,4,0,12.66,117324
CA-2017-143574,6/29/2017,7/2/2017,First Class,DR-12880,OFF-SU-10002537,30.69,3,0,7.98,143574
CA-2014-111773,6/29/2014,7/3/2014,Standard Class,JK-15625,OFF-BI-10000174,13.92,3,0.2,4.87,111773
CA-2017-156139,12/31/2016,1/6/2017,Standard Class,BP-11155,OFF-BI-10004233,38.38,3,0.2,13.43,156139
US-2017-147886,3/28/2017,3/31/2017,First Class,DH-13075,FUR-FU-10001095,26.48,1,0,10.06,147886
US-2017-147886,3/28/2017,3/31/2017,First Class,DH-13075,TEC-MA-10004679,532.72,2,0.2,53.27,147886
US-2017-147886,3/28/2017,3/31/2017,First Class,DH-13075,OFF-ST-10002743,795.48,7,0,7.95,147886
CA-2017-104913,11/18/2017,11/22/2017,Standard Class,DK-13090,TEC-PH-10000923,74.95,5,0,36.73,104913
CA-2014-145800,5/30/2014,6/5/2014,Standard Class,SS-20410,FUR-TA-10001539,355.46,3,0.5,-184.84,145800
CA-2014-163748,10/14/2014,10/18/2014,Standard Class,HG-15025,OFF-AP-10004052,3.16,4,0.8,-8.53,163748
CA-2014-163748,10/14/2014,10/18/2014,Standard Class,HG-15025,TEC-CO-10002095,1999.96,5,0.2,624.99,163748
CA-2015-119634,8/11/2015,8/16/2015,Standard Class,BW-11065,FUR-FU-10004270,46.15,3,0.2,12.11,119634
CA-2015-149300,11/22/2015,11/23/2015,First Class,BH-11710,TEC-MA-10000423,32.98,3,0.5,-1.98,149300
US-2016-111528,12/30/2016,12/30/2016,Same Day,JP-16135,OFF-BI-10002194,6.38,1,0.2,2.15,111528
CA-2015-162047,11/3/2015,11/5/2015,First Class,FH-14365,FUR-CH-10004983,1448.82,10,0.1,209.27,162047
CA-2015-117772,9/10/2015,9/12/2015,Second Class,MC-17575,OFF-ST-10003994,353.88,6,0,17.69,117772
CA-2016-149685,10/8/2016,10/15/2016,Standard Class,PM-19135,OFF-LA-10004545,60.14,6,0.2,20.3,149685
CA-2017-126396,9/8/2017,9/12/2017,Second Class,AR-10345,TEC-AC-10003116,85.2,6,0.2,20.24,126396
CA-2015-103835,9/24/2015,9/28/2015,Standard Class,SC-20440,FUR-FU-10000010,14.91,3,0,4.62,103835
CA-2015-103835,9/24/2015,9/28/2015,Standard Class,SC-20440,OFF-AP-10002651,1158.12,4,0,335.85,103835
CA-2015-158939,11/26/2015,12/1/2015,Standard Class,EA-14035,TEC-CO-10002313,599.99,1,0,234,158939
CA-2016-142398,4/12/2016,4/16/2016,Standard Class,BP-11290,FUR-CH-10001545,638.29,7,0.2,-31.91,142398
CA-2016-142398,4/12/2016,4/16/2016,Standard Class,BP-11290,OFF-BI-10004826,13.21,1,0.2,4.62,142398
CA-2014-105270,11/11/2014,11/18/2014,Standard Class,AP-10915,FUR-CH-10000988,112.65,1,0.2,11.26,105270
CA-2015-155586,12/12/2015,12/16/2015,Second Class,XP-21865,OFF-AR-10001547,2.21,1,0,0.6,155586
CA-2017-141117,10/2/2017,10/8/2017,Standard Class,JK-16090,FUR-BO-10001972,217.76,6,0.7,-384.72,141117
CA-2017-141117,10/2/2017,10/8/2017,Standard Class,JK-16090,OFF-BI-10003676,22.64,7,0.7,-16.6,141117
CA-2017-141117,10/2/2017,10/8/2017,Standard Class,JK-16090,OFF-AR-10003727,95.14,7,0.2,10.7,141117
CA-2017-115070,4/10/2017,4/14/2017,Second Class,MG-18205,FUR-FU-10003829,12.32,5,0.2,1.85,115070
CA-2014-124856,9/29/2014,10/3/2014,Second Class,LD-17005,OFF-ST-10002615,1395.54,9,0,362.84,124856
CA-2014-124856,9/29/2014,10/3/2014,Second Class,LD-17005,FUR-FU-10000521,117.36,4,0,36.38,124856
CA-2014-166716,8/20/2014,8/25/2014,Second Class,CR-12730,FUR-CH-10004495,421.37,2,0.3,-6.02,166716
CA-2014-123225,7/11/2014,7/14/2014,First Class,MN-17935,TEC-PH-10000895,575.97,4,0.2,43.2,123225
CA-2017-113873,11/13/2017,11/19/2017,Standard Class,KE-16420,FUR-BO-10003441,206,3,0.32,-27.26,113873
CA-2016-149783,9/4/2016,9/7/2016,Second Class,DL-13315,OFF-AR-10002987,31.74,2,0.2,8.33,149783
CA-2016-125017,2/6/2016,2/11/2016,Standard Class,KB-16240,FUR-FU-10000723,132.22,4,0.2,-18.18,125017
US-2015-163279,3/22/2015,3/26/2015,Standard Class,JD-16150,TEC-PH-10001795,1487.98,3,0.2,186,163279
US-2015-106495,6/15/2015,6/17/2015,First Class,AC-10450,TEC-AC-10002718,11.67,1,0.2,-0.73,106495
CA-2014-124730,11/26/2014,11/26/2014,Same Day,LS-17245,OFF-BI-10001078,12.91,3,0.2,4.68,124730
CA-2014-124730,11/26/2014,11/26/2014,Same Day,LS-17245,OFF-LA-10001158,93.15,9,0,44.71,124730
CA-2017-117632,5/12/2017,5/18/2017,Standard Class,CS-12175,OFF-SU-10000157,238.62,2,0,4.77,117632
